1526 2458
614 181 760 217 LYRA
800 181 1023 218 GRAECA

280 291 380 327 Plut.
422 290 522 327 Mus.
566 291 617 329 20
690 284 903 341 απείχετο
954 285 1040 341 γὰρ
1086 286 1159 328 καὶ
1210 287 1334 334 οὗτος
1381 287 1421 343 (6

218 346 506 399 Παγκράτης)
531 345 585 389 ὡς
607 343 677 386 ἐπὶ
709 343 757 385 τὸ
789 343 907 386 πολὺ
937 343 1092 386 τούτου
1116 346 1214 398 (τοῦ
1240 363 1420 402 χρωμα-

217 406 339 445 τικοῦ
361 402 544 457 γένους),
562 401 786 459 ἐχρήσατο
810 401 842 443 δ’
862 401 905 444 ἔν
927 420 1057 444 τισιν·
1093 403 1144 444 οὐ
1167 403 1217 446 δι’
1241 405 1421 475 ἄγνοιαν

218 461 291 503 οὖν
315 460 531 513 δηλονότι,
556 460 677 501 αλλὰ
701 459 772 501 διὰ
802 478 879 513 την
908 459 1168 516 προαίρεσιν
1189 462 1416 535 ἀπείχετο·

217 519 374 572 ἐζήλου
415 523 534 574 γοῦν,
570 521 624 564 ὡς
667 517 798 563 αὐτὸς
834 520 932 574 ἔφη,
967 518 1040 560 τὸν
1076 519 1339 591 Πινδαρειόν
1374 540 1420 564 τε

217 596 291 619 και
319 577 596 631 Σιμωνίδειον
626 576 789 631 τρόπον
820 577 891 619 καὶ
921 577 1118 619 καθόλου
1151 577 1200 620 τὸ
1232 579 1422 637 ἀρχαῖον

217 636 491 690 καλούμενον
515 634 598 677 ὑπὸ
623 637 708 677 τῶν
731 653 817 677 νυν.

275 733 449 783 Longin.
484 734 603 772 Rhe—t.
639 735 673 772 1.
706 734 741 772 2.
773 735 845 773 20]
884 734 1082 771 Hammer
1145 730 1222 782 ἤδη
1265 730 1310 772 δὲ
1348 730 1422 773 καὶ

218 784 458 841 Σιμωνίδης
482 788 555 830 καὶ
585 786 766 833 πλείους
794 787 885 842 μετ’
910 789 1072 831 ἐκεῖνον
1100 788 1270 842 μνήμης
1299 787 1422 835 ὁδοὺς

217 846 530 901 προύδίδαξαν,
588 845 780 888 εἰδώλων
836 847 1086 902 παράθεσιν
1143 846 1218 888 καὶ
1274 847 1423 889 τόπων

219 904 521 959 εἰσηγούμενοι
547 904 656 960 πρὸς
687 904 735 946 τὸ
758 905 1037 958 μνημονεύειν
1059 905 1178 961 ἔχειν
1199 905 1433 958 ὀνομάτων

219 981 264 1005 τε
286 963 358 1005 καὶ
381 963 600 1018 ῥημάτων·
636 961 685 1004 τὸ
716 963 760 1005 δέ
785 964 906 1005 ἐστιν
936 962 1058 1006 οὐδὲν
1087 963 1112 1016 ἢ
1145 965 1231 1006 τῶν
1263 962 1422 1017 ὁμοίων

219 1022 326 1077 πρὸς
349 1021 398 1063 τὸ
422 1021 576 1064 δοκοῦν
597 1020 746 1063 καινὸν
767 1021 1106 1078 παραθεώρησις
1135 1022 1209 1064 καὶ
1233 1021 1422 1076 συζυγία

215 1079 323 1135 πρὸς
346 1080 564 1132 (ἰλλήλα.1

271 1172 352 1210 Cic.
393 1172 439 1208 de
476 1172 562 1210 Fin.
603 1172 640 1211 2.
681 1173 731 1210 32
805 1172 851 1208 In
891 1178 1081 1209 nostrane
1121 1178 1325 1222 potestate
1360 1178 1423 1210 est

217 1226 313 1276 quid
344 1227 673 1263 meminerimus?
732 1226 1026 1264 Themistocles
1061 1227 1225 1277 quidem
1259 1241 1350 1264 cum
1385 1230 1422 1264 ei

217 1280 444 1317 Simonides
465 1295 515 1316 an
536 1283 625 1330 quis
645 1281 745 1317 alius
761 1286 889 1317 artem
912 1285 1128 1318 memoriae
1149 1281 1422 1331 polliceretur,

217 1335 488 1372 ‘Oblivionis’
529 1337 662 1384 inquit
699 1335 911 1379 ‘mallem3
960 1350 1053 1372 nam
1092 1339 1258 1373 memini
1298 1339 1421 1373 etiam

216 1403 318 1440 (μυῑθ
340 1390 445 1435 nolo,
466 1389 645 1426 oblivisci
667 1402 747 1425 non
769 1403 928 1439 possum
950 1404 1052 1440 quae
1074 1390 1175 1429 volo.
1182 1390 1188 1402 ’

277 1483 369 1521 Sdi
396 1483 514 1521 Dion
537 1483 633 1521 Tnlu
660 1484 733 1521 185
766 1478 833 1533 [π.
859 1481 943 1519 τῶν
969 1478 1270 1534 γραμμάτωνῙ·
1309 1496 1420 1534 ευρε-

218 1537 290 1579 ταὶ
334 1536 377 1578 δὲ
421 1539 506 1578 τῶν
538 1539 708 1578 λοιπῶν
750 1553 1058 1609 χαρακτηρων,
1092 1536 1295 1580 τουτέστι
1337 1540 1423 1579 τῶν

218 1594 344 1642 ὀκτώ,
370 1595 459 1637 οἷον
483 1597 567 1637 τῶν
591 1593 664 1636 δύο
686 1612 865 1649 μακρων
894 1595 966 1636 καὶ
990 1598 1074 1637 τῶν
1098 1598 1227 1645 τριῶν
1251 1594 1422 1637 διπλῶν

217 1654 290 1695 καὶ
333 1655 417 1694 τῶν
460 1655 589 1708 τριῶν
637 1651 816 1700 δασέων,
861 1652 1066 1704 δηλονότι
1113 1652 1351 1707 Σιμωνίδης
1398 1652 1418 1696 ὁ

220 1713 346 1756 Κειος
384 1730 468 1753 των
506 1710 578 1753 δύο
614 1713 794 1766 μακρῶν
829 1711 902 1753 καὶ
938 1714 1015 1753 τοῦ
1058 1711 1096 1756 Ξ
1133 1711 1207 1754 καὶ
1242 1715 1319 1754 τοῦ
1360 1713 1418 1759 W,

222 1769 494 1823 Παλαμηδης
519 1769 563 1811 δὲ
587 1787 673 1811 των
695 1768 863 1811 δασέων
886 1769 959 1811 καὶ
989 1788 1065 1812 του
1095 1770 1142 1818 Z,
1167 1789 1188 1823 η
1221 1771 1274 1815 ὡς
1305 1769 1420 1827 φασί

218 1846 340 1874 τινες,
364 1828 413 1868 '1⁴
401 1827 640 1884 πίχαρμος
665 1826 684 1869 ὁ
706 1826 1018 1882 Συρακουσιος.

277 1926 381 1965 Plut.
403 1927 487 1966 δην,
513 1926 601 1964 (ier.
629 1926 720 1976 Jeep.
744 1928 768 1964 3
810 1920 1049 1975 Σιμωνιδης
1071 1921 1114 1963 ἐν
1137 1920 1252 1980 γήρα
1273 1923 1422 1978 χοροῖς

216 1997 351 2022 Ε’νίΚα·

717 2087 728 2106 ¹
754 2100 822 2120 mss
840 2088 925 2120 ἄλλο

222 2155 297 2191 266
