1526 2458
590 169 737 206 LYRA
777 169 997 206 GRAECA

192 272 398 315 λίσκεται
441 272 484 315 δὲ
526 273 574 316 τὸ
618 273 870 322 διπλάσιον,
915 273 979 315 διὸ
1024 273 1087 315 δεῖ
1130 274 1273 316 ἕλκειν
1317 272 1393 319 τὰς

192 332 388 387 ψηφονς·
423 332 495 374 καὶ
526 331 574 374 τὸ
604 332 708 386 παρ’
732 333 868 375 αὑτοῦ
898 331 1171 385 δανείζεσθαι
1202 332 1307 374 ὅταν
1336 335 1387 386 τΓ)

191 389 410 448 αναγκαία
452 391 525 433 καὶ
568 394 738 446 φυσικὴ
787 394 927 446 τροφΓ]
970 408 1194 447 χρησηται
1237 390 1390 432 <καὶ>

192 466 342 502 ωσπερ
365 448 419 490 τὰ
444 449 530 504 ζῶα
552 449 691 504 ιιπλῆ.

251 523 373 573 {7·g.'
401 523 532 560 luleom
559 525 606 561 16
636 523 700 572 (cf
723 524 748 564 1.
775 525 837 571 10)
900 518 1084 572 λέγουσι
1115 516 1200 572 Γγὰρ
1233 518 1394 560 ἐκεῖνον

192 576 285 619 (τὸν
321 574 582 631 Σιμωνίδην)
617 578 734 634 ἔχειν
771 577 844 619 δύο
881 577 1085 627 κιβώτια,
1118 578 1168 618 τὸ
1197 575 1276 631 μὲν
1307 578 1392 618 τῶν

191 634 398 691 χαρίτων,
423 634 471 677 τὸ
495 635 538 677 δὲ
560 638 644 677 τῶν
668 636 915 707 δεδομένων.
920 635 937 660 1
996 635 1068 677 ὅτε
1094 635 1169 676 οὖν
1190 651 1254 680 τις
1284 634 1392 690 πρὸς

192 692 326 735 αὐτὸν
348 693 609 748 παρεγένετο
627 693 758 749 χάριν
775 693 1040 745 αἰτούμενος,
1056 693 1228 736 ἐκέλευε
1250 693 1394 748 φέρειν

193 751 247 793 τὰ
283 751 474 803 κιβώτια
513 753 586 794 καὶ
625 751 830 795 δεικνύειν
859 751 973 794 αὐτὰ
1002 750 1251 806 ἀνοίξαντα·
1284 750 1392 805 εὑρί-

192 828 325 852 σκετο
355 810 429 852 οὖν
462 809 512 852 τὸ
538 810 616 864 μὲν
648 813 733 853 τῶν
763 810 959 867 χαρίτων
992 808 1126 858 κενόι,
1149 808 1198 852 τὸ
1230 809 1276 852 δὲ
1307 811 1392 852 τῶν

189 867 452 922 δεδομένων1
496 873 676 923 πληρες·
730 870 803 911 καὶ
854 870 988 914 οὕτως
1037 867 1057 911 ὁ
1107 867 1186 921 τὴν
1229 866 1390 924 δωρεὰν

190 926 441 981 αἰτούμενος
465 927 705 970 ἀνεκόπτετ
710 946 742 969 ο.

243 997 409 1034 Theocr.
436 999 496 1036 16.
518 998 569 1036 34

248 1056 412 1098 πολλοὶ
437 1057 480 1098 ἐν
496 1055 748 1113 Ἀντιόχοιο
771 1056 915 1111 δόμοις
939 1056 1010 1098 καὶ
1027 1056 1213 1101 ἄνακτος
1227 1055 1392 1098 Ἀλεύα

247 1114 472 1169 ἁρμαλιὰν
494 1114 682 1168 ἔμμηνον
704 1115 1000 1170 ἐμετρήσαντο
1023 1114 1246 1157 πενέσται·

249 1173 415 1214 πολλοὶ
431 1173 474 1214 δὲ
488 1172 793 1218 Σκοπιὶδαισιν
812 1172 1091 1226 ἐλαυνόμενοι
1108 1191 1209 1215 ποτι
1198 1172 1389 1217 σακοὺς

245 1230 411 1288 μόσχοι
435 1231 516 1273 σὺν
537 1235 769 1285 κερααῖσιν
790 1231 1066 1285 ἐμυκησαντο
1089 1230 1267 1282 βόεσσι,

245 1289 378 1342 μυρία
402 1287 435 1330 δ’
459 1289 519 1342 ἂμ
540 1288 688 1332 πεδίον
712 1290 987 1345 Κοαννωνιον
1010 1288 1270 1332 ἐνδιάασκον

246 1347 446 1401 ποιμένες
468 1348 648 1404 ἕκκριτα
669 1352 790 1400 μηλα
812 1351 894 1403 φιλ
897 1347 1105 1402 οξεινοισι
1130 1347 1387 1403 Κρεώνδαις·

247 1406 351 1447 ἀλλ’
374 1406 422 1448 οὔ
446 1410 554 1461 σφιν
574 1409 659 1448 τῶν
682 1406 795 1458 ἦδος,
813 1406 907 1449 ἐπεὶ
928 1405 1096 1460 «γλυκὺν
1120 1404 1389 1459 ἐξεκένωσαν

245 1463 384 1517 θυμὸν
405 1465 446 1509 ἐς
467 1465 632 1512 εὐρεῖαν
655 1464 841 1520 σχεδίαν
865 1467 1071 1518 στυὙιιοῖο
1093 1463 1309 1520 «γέροντος,

247 1521 466 1576 ἅμναστοι
484 1521 599 1565 δὲτὰ
618 1522 770 1564 πολλὰ
792 1523 867 1565 καὶ
889 1524 1029 1575 ὄλβια
1052 1527 1161 1575 τῆνα
1182 1522 1389 1568 λιπόντες

245 1580 404 1625 δειλοῖς
425 1580 469 1622 ἐν
491 1580 693 1624 νεκύεσσι
715 1581 907 1635 μακροὺς
929 1581 1088 1627 αἰῶνας
1110 1581 1287 1629 ἔκειντο,

244 1638 281 1680 εἰ
302 1638 359 1690 μὴ
383 1639 496 1684 θεῖος
518 1638 662 1684 ἀοιδὸς
685 1638 705 1681 ὁ
732 1639 864 1692 Κήϊος
888 1638 1022 1681 αἰόλα
1045 1638 1219 1694 φωνέων

243 1697 466 1751 βάρβιτον
495 1698 534 1742 ἐς
567 1697 849 1754 πολύχορδον
878 1698 920 1739 ἐν
956 1697 1140 1752 ἀνδράσι
1171 1695 1265 1752 θῆκ’
1296 1697 1385 1740 ὀνο-

359 1773 555 1810 μαστούς

245 1812 516 1868 ὁπλοτέροις,
539 1817 667 1868 τιμᾶς
690 1813 734 1856 δὲ
756 1813 830 1856 καὶ
853 1813 978 1860 ὠκέες
1001 1814 1231 1872 ε’λλαχον
1221 1813 1366 1862 ι’πποι,

244 1871 289 1914 οἷ’
307 1875 463 1928 σφισιν
485 1872 567 1927 ἐξ
553 1875 674 1927 ιερῶν
692 1872 1063 1929 στεφανηφόροι
1041 1880 1090 1926 ἠι
1086 1873 1214 1914 θον’
1192 1872 1383 1926 αὙώνων

496 1962 509 1981 ¹
533 1974 602 1994 mss
620 1962 790 1996 διδόντων.
817 1963 947 1995 Stob.
935 1965 1084 2004 αρ’γυριόυ

230 2035 241 2054 ¹
265 2038 315 2068 ΙΝ.
336 2036 433 2068 ‹lraw
451 2037 511 2069 the
528 2042 692 2070 counters
707 2050 713 2077 3
734 2040 827 2079 perh.
847 2054 880 2066 =
899 2039 995 2070 draw
1014 2039 1108 2070 them
1126 2049 1241 2070 across
1257 2049 1321 2070 one
1338 2038 1386 2080 by

185 2090 250 2111 one
268 2080 406 2112 instead
424 2081 460 2112 of
476 2082 627 2124 pushing
649 2082 746 2114 them
771 2094 813 2114 en
833 2093 966 2115 masse:
1007 2082 1050 2114 cf.
1070 2084 1155 2114 AJ'.
1177 2084 1206 2114 9.
1229 2083 1292 2114 435
1315 2081 1384 2114 and

188 2145 263 2182 254
