<?xml version="1.0" encoding="UTF-8"?>
<!DOCTYPE html PUBLIC "-//W3C//DTD XHTML 1.0 Transitional//EN"
    "http://www.w3.org/TR/xhtml1/DTD/xhtml1-transitional.dtd">
<html xmlns="http://www.w3.org/1999/xhtml" xml:lang="en" lang="en">
 <head>
  <title>
</title>
<meta http-equiv="Content-Type" content="text/html;charset=utf-8" />
  <meta name='ocr-system' content='tesseract 3.04.00' />
  <meta name='ocr-capabilities' content='ocr_page ocr_carea ocr_par ocr_line ocrx_word'/>
</head>
<body>
  <div class='ocr_page' id='page_1' title='image "./lyragraecabeingr02edmouoft_0406.png"; bbox 0 0 1526 2458; ppageno 0'>
   <div class='ocr_carea' id='block_1_1' title="bbox 603 153 1015 300">
    <p class='ocr_par' dir='ltr' id='par_1_1' title="bbox 603 153 1015 300">
     <span class='ocr_line' id='line_1_1' title="bbox 603 153 1015 191; baseline -0.002 0"><span class='ocrx_word' id='word_1_1' title='bbox 603 153 751 191; x_wconf 88' lang='lat' dir='ltr'><strong>LYRA</strong></span> <span class='ocrx_word' id='word_1_2' title='bbox 791 153 1015 191; x_wconf 88' lang='lat' dir='ltr'><strong>GRAECA</strong></span> 
     </span>
     <span class='ocr_line' id='line_1_2' title="bbox 779 262 851 300; baseline 0 -1"><span class='ocrx_word' id='word_1_3' title='bbox 779 262 851 300; x_wconf 85' lang='grc'>181</span> 
     </span>
    </p>
   </div>
   <div class='ocr_carea' id='block_1_2' title="bbox 207 328 1411 661">
    <p class='ocr_par' dir='ltr' id='par_1_2' title="bbox 207 328 1411 460">
     <span class='ocr_line' id='line_1_3' title="bbox 252 328 1411 372; baseline 0.001 -8"><span class='ocrx_word' id='word_1_4' title='bbox 252 332 353 364; x_wconf 84' lang='lat' dir='ltr'>Paus.</span> <span class='ocrx_word' id='word_1_5' title='bbox 382 334 410 365; x_wconf 87' lang='grc'>6.</span> <span class='ocrx_word' id='word_1_6' title='bbox 439 334 469 365; x_wconf 84' lang='lat'>9.</span> <span class='ocrx_word' id='word_1_7' title='bbox 495 333 514 364; x_wconf 85' lang='lat'>9</span> <span class='ocrx_word' id='word_1_8' title='bbox 531 332 576 372; x_wconf 88' lang='grc' dir='ltr'>[π.</span> <span class='ocrx_word' id='word_1_9' title='bbox 606 330 811 371; x_wconf 79' lang='grc' dir='ltr'>Ὀλυμπίας]·</span> <span class='ocrx_word' id='word_1_10' title='bbox 837 331 921 372; x_wconf 77' lang='grc' dir='ltr'>παρὰ</span> <span class='ocrx_word' id='word_1_11' title='bbox 950 331 982 363; x_wconf 86' lang='grc' dir='ltr'>δὲ</span> <span class='ocrx_word' id='word_1_12' title='bbox 1008 333 1066 362; x_wconf 85' lang='grc' dir='ltr'>τοῦ</span> <span class='ocrx_word' id='word_1_13' title='bbox 1093 328 1235 364; x_wconf 78' lang='grc' dir='ltr'>Γέλωνος</span> <span class='ocrx_word' id='word_1_14' title='bbox 1262 334 1300 365; x_wconf 78' lang='grc' dir='ltr'>τὸ</span> <span class='ocrx_word' id='word_1_15' title='bbox 1328 332 1411 370; x_wconf 79' lang='grc' dir='ltr'>ἅρμα</span> 
     </span>
     <span class='ocr_line' id='line_1_4' title="bbox 207 374 1410 418; baseline 0.001 -10"><span class='ocrx_word' id='word_1_16' title='bbox 207 377 372 409; x_wconf 81' lang='grc' dir='ltr'>ἆνακεΐται</span> <span class='ocrx_word' id='word_1_17' title='bbox 388 376 504 415; x_wconf 84' lang='grc' dir='ltr'>Φίλων,</span> <span class='ocrx_word' id='word_1_18' title='bbox 524 374 628 415; x_wconf 80' lang='grc' dir='ltr'>τέχνη</span> <span class='ocrx_word' id='word_1_19' title='bbox 646 378 703 407; x_wconf 81' lang='grc' dir='ltr'>τοῦ</span> <span class='ocrx_word' id='word_1_20' title='bbox 721 375 897 414; x_wconf 70' lang='grc' dir='ltr'>Αἰγινήτου</span> <span class='ocrx_word' id='word_1_21' title='bbox 916 375 1084 407; x_wconf 84' lang='grc' dir='ltr'>Γλαυκίου·</span> <span class='ocrx_word' id='word_1_22' title='bbox 1107 380 1215 417; x_wconf 79' lang='grc' dir='ltr'>τουτῷ</span> <span class='ocrx_word' id='word_1_23' title='bbox 1230 379 1277 418; x_wconf 81' lang='grc' dir='ltr'>τῷ</span> <span class='ocrx_word' id='word_1_24' title='bbox 1292 378 1410 409; x_wconf 83' lang='grc' dir='ltr'>Φίλωνι</span> 
     </span>
     <span class='ocr_line' id='line_1_5' title="bbox 210 419 1178 460; baseline 0 -8"><span class='ocrx_word' id='word_1_25' title='bbox 210 420 384 460; x_wconf 77' lang='grc' dir='ltr'>Σιμωνίδης</span> <span class='ocrx_word' id='word_1_26' title='bbox 402 423 417 452; x_wconf 85' lang='grc' dir='ltr'><strong><em>ὁ</em></strong></span> <span class='ocrx_word' id='word_1_27' title='bbox 435 421 641 460; x_wconf 83' lang='grc' dir='ltr'>Λεωπρέπους</span> <span class='ocrx_word' id='word_1_28' title='bbox 659 421 808 460; x_wconf 76' lang='grc' dir='ltr'>ἐλεγεῖον</span> <span class='ocrx_word' id='word_1_29' title='bbox 825 420 1014 459; x_wconf 81' lang='grc' dir='ltr'>δεξιώτατον</span> <span class='ocrx_word' id='word_1_30' title='bbox 1031 419 1178 459; x_wconf 85' lang='grc' dir='ltr'>ἐποίησε·</span> 
     </span>
    </p>

    <p class='ocr_par' dir='ltr' id='par_1_3' title="bbox 267 487 1410 661">
     <span class='ocr_line' id='line_1_6' title="bbox 400 487 1408 506; baseline 0.001 -3"><span class='ocrx_word' id='word_1_31' title='bbox 400 489 409 505; x_wconf 53' lang='lat' dir='ltr'>N</span> <span class='ocrx_word' id='word_1_32' title='bbox 505 489 513 503; x_wconf 50' lang='grc' dir='ltr'><strong>Ν</strong></span> <span class='ocrx_word' id='word_1_33' title='bbox 626 488 634 501; x_wconf 93' lang='grc' dir='ltr'><strong><em>Ι</em></strong></span> <span class='ocrx_word' id='word_1_34' title='bbox 878 487 886 501; x_wconf 63' lang='grc' dir='ltr'><em>Ι</em></span> <span class='ocrx_word' id='word_1_35' title='bbox 1039 488 1048 503; x_wconf 62' lang='lat'><em>3</em></span> <span class='ocrx_word' id='word_1_36' title='bbox 1087 490 1104 503; x_wconf 57' lang='lat' dir='ltr'>t!</span> <span class='ocrx_word' id='word_1_37' title='bbox 1188 488 1198 503; x_wconf 57' lang='grc' dir='ltr'>ἲ</span> <span class='ocrx_word' id='word_1_38' title='bbox 1274 489 1284 502; x_wconf 56' lang='grc' dir='ltr'>ἲ</span> <span class='ocrx_word' id='word_1_39' title='bbox 1321 490 1331 505; x_wconf 61' lang='grc' dir='ltr'><strong>Χ</strong></span> <span class='ocrx_word' id='word_1_40' title='bbox 1398 490 1408 506; x_wconf 57' lang='grc' dir='ltr'><strong>Χ</strong></span> 
     </span>
     <span class='ocr_line' id='line_1_7' title="bbox 267 487 1410 545; baseline 0 -13"><span class='ocrx_word' id='word_1_41' title='bbox 267 491 434 545; x_wconf 87' lang='grc' dir='ltr'>Πατρις</span> <span class='ocrx_word' id='word_1_42' title='bbox 465 508 542 543; x_wconf 85' lang='grc' dir='ltr'>μεν</span> <span class='ocrx_word' id='word_1_43' title='bbox 572 491 794 545; x_wconf 84' lang='grc' dir='ltr'>Κορκυρα,</span> <span class='ocrx_word' id='word_1_44' title='bbox 827 490 980 530; x_wconf 88' lang='grc' dir='ltr'>Φιλων</span> <span class='ocrx_word' id='word_1_45' title='bbox 1014 487 1036 530; x_wconf 84' lang='grc' dir='ltr'><em>δ</em></span> <span class='ocrx_word' id='word_1_46' title='bbox 1081 506 1212 543; x_wconf 85' lang='grc' dir='ltr'>ονομ,</span> <span class='ocrx_word' id='word_1_47' title='bbox 1246 508 1334 544; x_wconf 84' lang='grc' dir='ltr'>ειμι</span> <span class='ocrx_word' id='word_1_48' title='bbox 1367 490 1410 533; x_wconf 86' lang='grc' dir='ltr'>δε</span> 
     </span>
     <span class='ocr_line' id='line_1_8' title="bbox 387 547 590 590; baseline 0.005 -1"><span class='ocrx_word' id='word_1_49' title='bbox 387 547 590 590; x_wconf 79' lang='grc' dir='ltr'>Γλαύκου</span> 
     </span>
     <span class='ocr_line' id='line_1_9' title="bbox 327 603 1186 661; baseline 0 -12"><span class='ocrx_word' id='word_1_50' title='bbox 327 605 416 652; x_wconf 85' lang='grc' dir='ltr'>υἱὸς</span> <span class='ocrx_word' id='word_1_51' title='bbox 439 606 514 648; x_wconf 82' lang='grc' dir='ltr'>καὶ</span> <span class='ocrx_word' id='word_1_52' title='bbox 535 608 640 649; x_wconf 83' lang='grc' dir='ltr'>νικῶ</span> <span class='ocrx_word' id='word_1_53' title='bbox 663 605 754 661; x_wconf 79' lang='grc' dir='ltr'>πὺξ</span> <span class='ocrx_word' id='word_1_54' title='bbox 775 603 836 648; x_wconf 65' lang='grc' dir='ltr'>δύἱ</span> <span class='ocrx_word' id='word_1_55' title='bbox 859 604 1186 660; x_wconf 75' lang='grc' dir='ltr'>Ὀλυμπιάδας,</span> 
     </span>
    </p>
   </div>
   <div class='ocr_carea' id='block_1_3' title="bbox 252 707 962 817">
    <p class='ocr_par' dir='ltr' id='par_1_4' title="bbox 252 707 962 817">
     <span class='ocr_line' id='line_1_10' title="bbox 782 707 858 746; baseline -0.026 0"><span class='ocrx_word' id='word_1_56' title='bbox 782 707 858 746; x_wconf 89' lang='grc'>182</span> 
     </span>
     <span class='ocr_line' id='line_1_11' title="bbox 252 777 962 817; baseline -0.004 -7"><span class='ocrx_word' id='word_1_57' title='bbox 252 780 359 810; x_wconf 75' lang='grc' dir='ltr'>ΑηίῘι.</span> <span class='ocrx_word' id='word_1_58' title='bbox 376 779 476 810; x_wconf 78' lang='lat' dir='ltr'><em>Plan.</em></span> <span class='ocrx_word' id='word_1_59' title='bbox 495 779 515 810; x_wconf 89' lang='lat'><strong>3</strong></span> <span class='ocrx_word' id='word_1_60' title='bbox 560 779 618 809; x_wconf 79' lang='grc' dir='ltr'>τοῦ</span> <span class='ocrx_word' id='word_1_61' title='bbox 634 779 731 809; x_wconf 83' lang='grc' dir='ltr'>αὐτοῦ</span> <span class='ocrx_word' id='word_1_62' title='bbox 750 777 962 817; x_wconf 69' lang='grc' dir='ltr'>(Σιμωνίδου).</span> 
     </span>
    </p>
   </div>
   <div class='ocr_carea' id='block_1_4' title="bbox 262 844 1321 960">
    <p class='ocr_par' dir='ltr' id='par_1_5' title="bbox 262 844 1321 960">
     <span class='ocr_line' id='line_1_12' title="bbox 262 844 1319 901; baseline 0 -12"><span class='ocrx_word' id='word_1_63' title='bbox 262 847 446 901; x_wconf 76' lang='grc' dir='ltr'>’Ἰσθμια</span> <span class='ocrx_word' id='word_1_64' title='bbox 468 846 541 889; x_wconf 87' lang='grc' dir='ltr'>καὶ</span> <span class='ocrx_word' id='word_1_65' title='bbox 563 846 711 889; x_wconf 84' lang='grc' dir='ltr'>Πυθοῖ</span> <span class='ocrx_word' id='word_1_66' title='bbox 730 849 907 901; x_wconf 85' lang='grc' dir='ltr'>Διοφῶν</span> <span class='ocrx_word' id='word_1_67' title='bbox 930 844 950 889; x_wconf 90' lang='grc' dir='ltr'>ὁ</span> <span class='ocrx_word' id='word_1_68' title='bbox 974 844 1175 892; x_wconf 77' lang='grc' dir='ltr'>Φίλωνος</span> <span class='ocrx_word' id='word_1_69' title='bbox 1196 844 1319 889; x_wconf 79' lang='grc' dir='ltr'>ἐνίκα</span> 
     </span>
     <span class='ocr_line' id='line_1_13' title="bbox 325 903 1321 960; baseline -0.002 -12"><span class='ocrx_word' id='word_1_70' title='bbox 325 906 461 960; x_wconf 80' lang='grc' dir='ltr'>ἅλμα,</span> <span class='ocrx_word' id='word_1_71' title='bbox 486 904 742 958; x_wconf 80' lang='grc' dir='ltr'>ποδωκείην,</span> <span class='ocrx_word' id='word_1_72' title='bbox 766 903 931 954; x_wconf 83' lang='grc' dir='ltr'>δίσκον,</span> <span class='ocrx_word' id='word_1_73' title='bbox 955 903 1135 953; x_wconf 81' lang='grc' dir='ltr'>ἄκοντα,</span> <span class='ocrx_word' id='word_1_74' title='bbox 1157 905 1321 958; x_wconf 85' lang='grc' dir='ltr'>πάλην.</span> 
     </span>
    </p>
   </div>
   <div class='ocr_carea' id='block_1_5' title="bbox 777 1014 853 1053">
    <p class='ocr_par' dir='ltr' id='par_1_6' title="bbox 777 1014 853 1053">
     <span class='ocr_line' id='line_1_14' title="bbox 777 1014 853 1053; baseline 0.013 -1"><span class='ocrx_word' id='word_1_75' title='bbox 777 1014 853 1053; x_wconf 88' lang='grc'>183</span> 
     </span>
    </p>
   </div>
   <div class='ocr_carea' id='block_1_6' title="bbox 251 1068 1412 1196">
    <p class='ocr_par' dir='ltr' id='par_1_7' title="bbox 251 1068 1412 1196">
     <span class='ocr_line' id='line_1_15' title="bbox 251 1068 636 1109; baseline -0.003 -8"><span class='ocrx_word' id='word_1_76' title='bbox 251 1068 344 1101; x_wconf 80' lang='lat' dir='ltr'><strong>Ibid.</strong></span> <span class='ocrx_word' id='word_1_77' title='bbox 362 1069 404 1101; x_wconf 77' lang='lat'>23</span> <span class='ocrx_word' id='word_1_78' title='bbox 450 1068 636 1109; x_wconf 82' lang='grc' dir='ltr'>Σιμωνίδου·</span> 
     </span>
     <span class='ocr_line' id='line_1_16' title="bbox 267 1135 1412 1196; baseline -0.002 -16"><span class='ocrx_word' id='word_1_79' title='bbox 267 1136 408 1181; x_wconf 85' lang='grc' dir='ltr'>Εἰπὸν</span> <span class='ocrx_word' id='word_1_80' title='bbox 429 1136 493 1184; x_wconf 83' lang='grc' dir='ltr'>τίς</span> <span class='ocrx_word' id='word_1_81' title='bbox 509 1136 623 1183; x_wconf 82' lang='grc' dir='ltr'>τίνος</span> <span class='ocrx_word' id='word_1_82' title='bbox 638 1137 739 1180; x_wconf 85' lang='grc' dir='ltr'>ἐσσὶ</span> <span class='ocrx_word' id='word_1_83' title='bbox 762 1136 875 1183; x_wconf 85' lang='grc' dir='ltr'>τίνος</span> <span class='ocrx_word' id='word_1_84' title='bbox 891 1135 1103 1194; x_wconf 79' lang='grc' dir='ltr'>πατρίδος</span> <span class='ocrx_word' id='word_1_85' title='bbox 1125 1135 1170 1179; x_wconf 87' lang='grc' dir='ltr'>τί</span> <span class='ocrx_word' id='word_1_86' title='bbox 1189 1135 1234 1180; x_wconf 85' lang='grc' dir='ltr'>δὲ</span> <span class='ocrx_word' id='word_1_87' title='bbox 1255 1135 1412 1196; x_wconf 77' lang='grc' dir='ltr'>νικᾷς-1</span> 
     </span>
    </p>
   </div>
   <div class='ocr_carea' id='block_1_7' title="bbox 325 1194 1303 1252">
    <p class='ocr_par' dir='ltr' id='par_1_8' title="bbox 325 1194 1303 1252">
     <span class='ocr_line' id='line_1_17' title="bbox 325 1194 1303 1252; baseline -0.001 -14"><span class='ocrx_word' id='word_1_88' title='bbox 325 1196 569 1250; x_wconf 85' lang='grc' dir='ltr'>Κασμύλος</span> <span class='ocrx_word' id='word_1_89' title='bbox 595 1196 824 1252; x_wconf 72' lang='grc' dir='ltr'>Εὐαγοροῦ</span> <span class='ocrx_word' id='word_1_90' title='bbox 847 1195 994 1239; x_wconf 85' lang='grc' dir='ltr'>Πύθια</span> <span class='ocrx_word' id='word_1_91' title='bbox 1016 1194 1109 1250; x_wconf 82' lang='grc' dir='ltr'>πὺξ</span> <span class='ocrx_word' id='word_1_92' title='bbox 1129 1194 1303 1241; x_wconf 76' lang='grc' dir='ltr'>Ῥόδιος.</span> 
     </span>
    </p>
   </div>
   <div class='ocr_carea' id='block_1_8' title="bbox 251 1300 1370 1412">
    <p class='ocr_par' dir='ltr' id='par_1_9' title="bbox 251 1300 1370 1412">
     <span class='ocr_line' id='line_1_18' title="bbox 778 1300 854 1339; baseline 0 -1"><span class='ocrx_word' id='word_1_93' title='bbox 778 1300 854 1339; x_wconf 82' lang='grc'>184</span> 
     </span>
     <span class='ocr_line' id='line_1_19' title="bbox 251 1368 1370 1412; baseline -0.001 -10"><span class='ocrx_word' id='word_1_94' title='bbox 251 1372 357 1403; x_wconf 75' lang='lat' dir='ltr'><em>Antlz.</em></span> <span class='ocrx_word' id='word_1_95' title='bbox 377 1371 449 1403; x_wconf 80' lang='lat' dir='ltr'><em>Pal.</em></span> <span class='ocrx_word' id='word_1_96' title='bbox 474 1372 524 1403; x_wconf 88' lang='lat'>13.</span> <span class='ocrx_word' id='word_1_97' title='bbox 545 1371 583 1403; x_wconf 88' lang='grc'>19</span> <span class='ocrx_word' id='word_1_98' title='bbox 631 1370 815 1410; x_wconf 82' lang='grc' dir='ltr'>Σιμωνίδου·</span> <span class='ocrx_word' id='word_1_99' title='bbox 844 1371 893 1402; x_wconf 77' lang='grc' dir='ltr'>ἐπὶ</span> <span class='ocrx_word' id='word_1_100' title='bbox 914 1368 1075 1412; x_wconf 78' lang='grc' dir='ltr'>ἑξαμέτρῳ</span> <span class='ocrx_word' id='word_1_101' title='bbox 1091 1368 1370 1407; x_wconf 79' lang='grc' dir='ltr'>ἐννεασῦλλαβος·</span> 
     </span>
    </p>
   </div>
   <div class='ocr_carea' id='block_1_9' title="bbox 230 1438 1412 1842">
    <p class='ocr_par' dir='ltr' id='par_1_10' title="bbox 230 1438 1412 1842">
     <span class='ocr_line' id='line_1_20' title="bbox 260 1438 1356 1495; baseline 0 -14"><span class='ocrx_word' id='word_1_102' title='bbox 260 1439 478 1491; x_wconf 76' lang='grc' dir='ltr'>”Ανθηκεν</span> <span class='ocrx_word' id='word_1_103' title='bbox 502 1438 588 1482; x_wconf 76' lang='grc' dir='ltr'>τόδ’</span> <span class='ocrx_word' id='word_1_104' title='bbox 611 1438 794 1494; x_wconf 71' lang='grc' dir='ltr'>ἄγαλμα</span> <span class='ocrx_word' id='word_1_105' title='bbox 818 1438 1046 1495; x_wconf 85' lang='grc' dir='ltr'>Κορίνθιος</span> <span class='ocrx_word' id='word_1_106' title='bbox 1068 1438 1210 1495; x_wconf 71' lang='grc' dir='ltr'>ὅσπερ</span> <span class='ocrx_word' id='word_1_107' title='bbox 1233 1439 1356 1481; x_wconf 72' lang='grc' dir='ltr'>ἐνίκα</span> 
     </span>
     <span class='ocr_line' id='line_1_21' title="bbox 328 1496 1036 1554; baseline 0 -15"><span class='ocrx_word' id='word_1_108' title='bbox 328 1498 370 1540; x_wconf 83' lang='grc' dir='ltr'>ἐν</span> <span class='ocrx_word' id='word_1_109' title='bbox 393 1501 586 1553; x_wconf 81' lang='grc' dir='ltr'>Δελφοῖς</span> <span class='ocrx_word' id='word_1_110' title='bbox 610 1497 719 1540; x_wconf 84' lang='grc' dir='ltr'>ποσὶ</span> <span class='ocrx_word' id='word_1_111' title='bbox 742 1496 1036 1554; x_wconf 75' lang='grc' dir='ltr'>Νικολᾴδας,2</span> 
     </span>
     <span class='ocr_line' id='line_1_22' title="bbox 268 1554 1412 1613; baseline 0 -15"><span class='ocrx_word' id='word_1_112' title='bbox 268 1557 343 1598; x_wconf 81' lang='grc' dir='ltr'>καὶ</span> <span class='ocrx_word' id='word_1_113' title='bbox 386 1554 711 1608; x_wconf 81' lang='grc' dir='ltr'>Παναθηναίοις</span> <span class='ocrx_word' id='word_1_114' title='bbox 755 1557 999 1613; x_wconf 82' lang='grc' dir='ltr'>στεφάνους</span> <span class='ocrx_word' id='word_1_115' title='bbox 1044 1555 1164 1606; x_wconf 72' lang='grc' dir='ltr'>λάβε</span> <span class='ocrx_word' id='word_1_116' title='bbox 1207 1554 1325 1598; x_wconf 77' lang='grc' dir='ltr'>πέντ’</span> <span class='ocrx_word' id='word_1_117' title='bbox 1367 1556 1412 1598; x_wconf 87' lang='grc' dir='ltr'>ἐν</span> 
     </span>
     <span class='ocr_line' id='line_1_23' title="bbox 385 1614 559 1660; baseline 0.023 -4"><span class='ocrx_word' id='word_1_118' title='bbox 385 1614 559 1660; x_wconf 81' lang='grc' dir='ltr'>ἀέθλοις</span> 
     </span>
     <span class='ocr_line' id='line_1_24' title="bbox 328 1671 910 1727; baseline 0 -13"><span class='ocrx_word' id='word_1_119' title='bbox 328 1672 540 1727; x_wconf 80' lang='grc' dir='ltr'>ἑξήκοντα</span> <span class='ocrx_word' id='word_1_120' title='bbox 562 1671 720 1718; x_wconf 82' lang='grc' dir='ltr'>κάδους</span> <span class='ocrx_word' id='word_1_121' title='bbox 743 1671 910 1720; x_wconf 86' lang='grc' dir='ltr'>ἐλαίου,</span> 
     </span>
     <span class='ocr_line' id='line_1_25' title="bbox 230 1729 1410 1788; baseline 0 -15"><span class='ocrx_word' id='word_1_122' title='bbox 230 1743 250 1773; x_wconf 88' lang='lat'>5</span> <span class='ocrx_word' id='word_1_123' title='bbox 271 1730 436 1787; x_wconf 82' lang='grc' dir='ltr'>Ἰσθμῷ</span> <span class='ocrx_word' id='word_1_124' title='bbox 460 1731 494 1773; x_wconf 84' lang='grc' dir='ltr'>δ’</span> <span class='ocrx_word' id='word_1_125' title='bbox 517 1732 560 1773; x_wconf 88' lang='grc' dir='ltr'>ἐν</span> <span class='ocrx_word' id='word_1_126' title='bbox 585 1730 716 1788; x_wconf 78' lang='grc' dir='ltr'>ζαθέᾳ</span> <span class='ocrx_word' id='word_1_127' title='bbox 739 1731 830 1787; x_wconf 85' lang='grc' dir='ltr'>τρὶς</span> <span class='ocrx_word' id='word_1_128' title='bbox 853 1729 1078 1787; x_wconf 83' lang='grc' dir='ltr'>ἐπισχερὼ</span> <span class='ocrx_word' id='word_1_129' title='bbox 1101 1729 1189 1773; x_wconf 83' lang='grc' dir='ltr'>οὐδ’</span> <span class='ocrx_word' id='word_1_130' title='bbox 1211 1729 1410 1785; x_wconf 80' lang='grc' dir='ltr'>ἐγένοντο</span> 
     </span>
     <span class='ocr_line' id='line_1_26' title="bbox 329 1788 1010 1842; baseline 0 -11"><span class='ocrx_word' id='word_1_131' title='bbox 329 1789 439 1832; x_wconf 79' lang='grc' dir='ltr'>ἄντα</span> <span class='ocrx_word' id='word_1_132' title='bbox 462 1792 546 1831; x_wconf 82' lang='grc' dir='ltr'>τῶν</span> <span class='ocrx_word' id='word_1_133' title='bbox 570 1788 729 1842; x_wconf 83' lang='grc' dir='ltr'>τομίων</span> <span class='ocrx_word' id='word_1_134' title='bbox 752 1788 1010 1832; x_wconf 78' lang='grc' dir='ltr'>πὸταθλοι”4</span> 
     </span>
    </p>
   </div>
   <div class='ocr_carea' id='block_1_10' title="bbox 913 1671 931 1697">
    <p class='ocr_par' dir='ltr' id='par_1_11' title="bbox 913 1671 931 1697">
     <span class='ocr_line' id='line_1_27' title="bbox 913 1671 931 1697; baseline 0 0"><span class='ocrx_word' id='word_1_135' title='bbox 913 1671 931 1697; x_wconf 87' lang='grc'><strong>3</strong></span> 
     </span>
    </p>
   </div>
   <div class='ocr_carea' id='block_1_11' title="bbox 204 1888 1414 2109">
    <p class='ocr_par' dir='ltr' id='par_1_12' title="bbox 204 1888 1414 2109">
     <span class='ocr_line' id='line_1_28' title="bbox 256 1888 1413 1930; baseline -0.001 -9"><span class='ocrx_word' id='word_1_136' title='bbox 256 1889 265 1907; x_wconf 83' lang='lat'>¹</span> <span class='ocrx_word' id='word_1_137' title='bbox 293 1889 385 1922; x_wconf 85' lang='lat' dir='ltr'>Urs:</span> <span class='ocrx_word' id='word_1_138' title='bbox 422 1898 476 1920; x_wconf 87' lang='lat' dir='ltr'>ms</span> <span class='ocrx_word' id='word_1_139' title='bbox 508 1888 597 1930; x_wconf 81' lang='grc' dir='ltr'>νίκῃς</span> <span class='ocrx_word' id='word_1_140' title='bbox 709 1888 722 1907; x_wconf 81' lang='lat'><strong>²</strong></span> <span class='ocrx_word' id='word_1_141' title='bbox 749 1889 825 1920; x_wconf 84' lang='grc' dir='ltr'>ποσὶ</span> <span class='ocrx_word' id='word_1_142' title='bbox 857 1890 907 1921; x_wconf 76' lang='lat' dir='ltr'>B:</span> <span class='ocrx_word' id='word_1_143' title='bbox 950 1899 1002 1919; x_wconf 87' lang='lat' dir='ltr'>ms</span> <span class='ocrx_word' id='word_1_144' title='bbox 1032 1901 1112 1920; x_wconf 87' lang='grc' dir='ltr'>ποτε</span> <span class='ocrx_word' id='word_1_145' title='bbox 1214 1888 1229 1908; x_wconf 74' lang='lat'>³</span> <span class='ocrx_word' id='word_1_146' title='bbox 1253 1889 1303 1926; x_wconf 88' lang='lat' dir='ltr'>E;</span> <span class='ocrx_word' id='word_1_147' title='bbox 1329 1899 1366 1920; x_wconf 81' lang='lat' dir='ltr'>as</span> <span class='ocrx_word' id='word_1_148' title='bbox 1393 1899 1413 1919; x_wconf 79' lang='lat' dir='ltr'>a</span> 
     </span>
     <span class='ocr_line' id='line_1_29' title="bbox 212 1931 1412 1974; baseline 0 -10"><span class='ocrx_word' id='word_1_149' title='bbox 212 1942 373 1964; x_wconf 80' lang='lat' dir='ltr'>measure</span> <span class='ocrx_word' id='word_1_150' title='bbox 405 1932 747 1974; x_wconf 61' lang='grc' dir='ltr'>κάδοςῐάμφορεύςτ</span> <span class='ocrx_word' id='word_1_151' title='bbox 787 1942 839 1963; x_wconf 82' lang='lat' dir='ltr'>ms</span> <span class='ocrx_word' id='word_1_152' title='bbox 870 1933 1062 1973; x_wconf 81' lang='grc' dir='ltr'>ἀμφιφορεῖς</span> <span class='ocrx_word' id='word_1_153' title='bbox 1093 1931 1214 1973; x_wconf 81' lang='lat' dir='ltr'>(gloss)</span> <span class='ocrx_word' id='word_1_154' title='bbox 1324 1932 1338 1952; x_wconf 74' lang='lat'>⁴</span> <span class='ocrx_word' id='word_1_155' title='bbox 1362 1933 1412 1969; x_wconf 87' lang='lat' dir='ltr'>E;</span> 
     </span>
     <span class='ocr_line' id='line_1_30' title="bbox 213 1975 1414 2018; baseline 0.001 -11"><span class='ocrx_word' id='word_1_156' title='bbox 213 1977 442 2018; x_wconf 75' lang='lat' dir='ltr'>competitors</span> <span class='ocrx_word' id='word_1_157' title='bbox 474 1987 564 2008; x_wconf 80' lang='lat' dir='ltr'>were</span> <span class='ocrx_word' id='word_1_158' title='bbox 596 1987 709 2008; x_wconf 84' lang='lat' dir='ltr'>sworn</span> <span class='ocrx_word' id='word_1_159' title='bbox 742 1977 776 2008; x_wconf 86' lang='lat' dir='ltr'>in</span> <span class='ocrx_word' id='word_1_160' title='bbox 810 1977 859 2008; x_wconf 79' lang='grc' dir='ltr'>ἐπὶ</span> <span class='ocrx_word' id='word_1_161' title='bbox 893 1976 1012 2018; x_wconf 88' lang='grc' dir='ltr'>κάπρου</span> <span class='ocrx_word' id='word_1_162' title='bbox 1042 1977 1162 2016; x_wconf 75' lang='grc' dir='ltr'>τομίων</span> <span class='ocrx_word' id='word_1_163' title='bbox 1192 1975 1311 2007; x_wconf 80' lang='lat' dir='ltr'>before</span> <span class='ocrx_word' id='word_1_164' title='bbox 1338 1976 1414 2008; x_wconf 84' lang='grc' dir='ltr'>Ζεὺς</span> 
     </span>
     <span class='ocr_line' id='line_1_31' title="bbox 204 2018 1414 2060; baseline -0.001 -8"><span class='ocrx_word' id='word_1_165' title='bbox 204 2020 350 2060; x_wconf 70' lang='grc' dir='ltr'>“Ὀρκιος,</span> <span class='ocrx_word' id='word_1_166' title='bbox 374 2020 479 2052; x_wconf 86' lang='lat' dir='ltr'><strong>Paus.</strong></span> <span class='ocrx_word' id='word_1_167' title='bbox 503 2022 535 2052; x_wconf 89' lang='lat'>5.</span> <span class='ocrx_word' id='word_1_168' title='bbox 559 2021 612 2052; x_wconf 78' lang='lat'>24.</span> <span class='ocrx_word' id='word_1_169' title='bbox 637 2021 668 2058; x_wconf 89' lang='grc'>9,</span> <span class='ocrx_word' id='word_1_170' title='bbox 695 2020 739 2052; x_wconf 86' lang='lat' dir='ltr'>ef.</span> <span class='ocrx_word' id='word_1_171' title='bbox 763 2020 865 2052; x_wconf 75' lang='lat' dir='ltr'>Dem.</span> <span class='ocrx_word' id='word_1_172' title='bbox 891 2020 966 2052; x_wconf 80' lang='lat'>642.</span> <span class='ocrx_word' id='word_1_173' title='bbox 996 2021 1055 2058; x_wconf 84' lang='lat'>18;</span> <span class='ocrx_word' id='word_1_174' title='bbox 1085 2019 1130 2052; x_wconf 79' lang='lat' dir='ltr'>cf.</span> <span class='ocrx_word' id='word_1_175' title='bbox 1154 2018 1333 2052; x_wconf 75' lang='grc' dir='ltr'>σύναθλοςε</span> <span class='ocrx_word' id='word_1_176' title='bbox 1361 2029 1414 2051; x_wconf 80' lang='lat' dir='ltr'>ms</span> 
     </span>
     <span class='ocr_line' id='line_1_32' title="bbox 211 2063 1216 2109; baseline -0.001 -14"><span class='ocrx_word' id='word_1_177' title='bbox 211 2064 350 2096; x_wconf 80' lang='grc' dir='ltr'>ἀκτίνων</span> <span class='ocrx_word' id='word_1_178' title='bbox 366 2064 503 2103; x_wconf 83' lang='grc' dir='ltr'>τομίδων</span> <span class='ocrx_word' id='word_1_179' title='bbox 519 2065 675 2104; x_wconf 79' lang='grc' dir='ltr'>ποταθμοὶ</span> <span class='ocrx_word' id='word_1_180' title='bbox 693 2063 874 2107; x_wconf 79' lang='lat' dir='ltr'>following</span> <span class='ocrx_word' id='word_1_181' title='bbox 891 2064 1095 2109; x_wconf 77' lang='lat' dir='ltr'>corruption</span> <span class='ocrx_word' id='word_1_182' title='bbox 1112 2076 1216 2098; x_wconf 79' lang='grc' dir='ltr'>αντων</span> 
     </span>
    </p>
   </div>
   <div class='ocr_carea' id='block_1_12' title="bbox 212 2133 289 2170">
    <p class='ocr_par' dir='ltr' id='par_1_13' title="bbox 212 2133 289 2170">
     <span class='ocr_line' id='line_1_33' title="bbox 212 2133 289 2170; baseline -0.026 0"><span class='ocrx_word' id='word_1_183' title='bbox 212 2133 289 2170; x_wconf 86' lang='lat'>394</span> 
     </span>
    </p>
   </div>
  </div>
 </body>
</html>
