1526 2458
621 167 770 205 LYRA
810 168 1035 206 GRAECA

786 276 862 314 166

268 343 347 376 Sch.
366 343 466 375 Pind.
491 345 537 377 Ol.
564 347 610 377 13.
633 346 674 378 32
698 347 747 385 [ἐν
765 346 790 376 δ’
802 346 902 386 ’Ἄρης
919 346 1007 377 ἀνθεῖ
1022 345 1101 377 νέων
1117 347 1239 379 οὐλίαις
1255 346 1427 387 αἰχμαῖσιν

223 389 368 429 ἆνδρῶν]·
395 388 584 429 Θεόπομπος
602 391 635 421 δέ
658 397 739 431 φησι
762 391 811 421 και
832 391 891 422 τὰς
913 392 1066 431 ’γυναῖκας
1087 391 1191 422 αὐτῶν
1216 392 1294 430 (τῶν
1318 397 1425 432 Κοριν-

224 432 310 471 θίων)
334 434 482 472 εὔξασθαι
504 436 542 473 τῇ
564 434 736 476 Ἀφροδίτη
761 434 862 475 ἔρωτα
888 436 1042 474 ἐμπεσεῖν
1054 437 1121 466 τοῖς
1146 434 1297 476 ἀνδράσιν
1319 437 1426 468 αὐτῶν

222 476 385 516 μάχεσθαι
404 475 481 518 ὑπερ
497 480 557 515 τῆς
574 478 734 510 Ελλάδος
750 481 819 510 τοῖς
837 479 968 516 Μήδοις,
989 478 1199 511 εἶσελθούσας
1222 480 1265 512 εἷς
1283 481 1323 512 τὸ
1340 481 1425 522 ιερὸν

222 522 281 558 τῆς
305 522 496 563 Ἀφροδίτης
521 547 526 553 .
558 547 563 553 .
593 546 599 553 .
630 522 708 554 εἶναι
738 522 771 553 δὲ
798 523 847 554 καὶ
878 525 934 554 νῦν
960 522 1247 564 ἀναγεγραμμένον
1277 526 1425 565 ἐλεγεῖον

222 564 355 597 εἰσιόντι
373 566 416 597 εἷς
433 567 491 597 τὸν
508 567 583 598 ναὸν
600 566 770 608 ἀριστερᾶς
788 566 909 608 χειρός·
938 567 1006 599 ΑιΗδ
1024 581 1051 600 κ.
1058 580 1088 600 τ.
1095 573 1127 598 λ.

263 695 349 728 Ath.
380 697 428 729 13.
457 697 549 730 5130
596 696 730 737 νόμιμόν
762 700 854 729 ἐστιν
884 698 1021 739 ἇρχαιον
1054 701 1087 730 ἐν
1118 698 1267 740 Κορίνθῳ,
1300 699 1340 731 ὥς
1372 700 1422 731 καὶ

220 740 413 779 Χαμαιλέων
438 743 453 771 ὁ
480 743 705 782 Ηρακλεωτης
730 743 855 783 ἱστορεῖ
879 743 911 773 ἐν
934 745 981 782 τῷ
1005 744 1081 785 Περὶ
1107 742 1273 784 Πινδάρου,
1301 743 1379 775 ὅταν
1402 744 1421 782 ἡ

220 784 315 816 πόλις
338 786 476 825 ευχηται
498 786 568 826 περὶ
591 786 745 827 μεγαλων
768 788 808 828 τῆ
832 787 1018 828 Ἀφροδίτῃ,
1047 786 1422 828 συμπαραλαμβάνεσθαι

220 830 298 869 πρὸς
322 829 383 866 τὴν
407 828 547 861 ἱκετείαν
570 831 628 861 τὰς
654 830 779 870 εταίρας
809 831 850 862 ὡς
877 830 1038 863 πλείστας
1066 833 1116 864 καὶ
1143 831 1262 864 ταύτας
1287 830 1421 887 προσεύ-

220 875 338 912 χεσθαι
362 875 401 914 τῆ
428 875 489 913 θεῷ
505 875 555 904 καὶ
583 875 718 915 ὕστερον
736 875 785 905 ἐπι
805 876 874 906 τοῖς
898 874 992 913 ἱεροις
1017 879 1173 917 παρεῖναι.
1224 877 1275 907 καὶ
1303 876 1358 906 ὅτε
1383 876 1421 912 δὴ

222 918 272 947 ἐπὶ
289 917 350 954 τὴν
367 917 511 949 Ἑλλάδα
526 919 587 955 τὴν
605 920 778 959 στρατείαν
795 917 877 958 ἦγεν
898 921 913 949 ὁ
937 919 1074 959 Πέρσης,
1097 922 1137 953 ὡς
1160 920 1209 952 καὶ
1234 918 1422 960 Θεόπομπος

219 974 342 1001 ιστορει
367 963 417 993 καὶ
441 961 569 1001 Τίμαιος
599 964 632 994 ἐν
659 977 699 1005 τη
729 962 862 1004 εβδομῃ,
891 964 922 994 αἱ
951 964 1107 1002 Κορίνθιαι
1140 966 1261 1004 ἑταῖραι
1290 965 1422 1003 εὔξαντο

221 1003 297 1045 ὑπὲρ
314 1018 372 1042 της
389 1009 453 1037 τῶν
471 1006 640 1043 Ελλήνων
655 1007 816 1046 σωτηρίας
838 1008 882 1038 εἷς
904 1007 961 1038 τὸν
981 1009 1042 1044 τῆς
1058 1008 1249 1048 Ἀφροδίτης
1267 1009 1421 1040 ἐλθοῦσαι

220 1050 308 1080 νεών.
356 1052 403 1082 διὸ
421 1051 471 1081 καὶ
494 1051 669 1090 Σιμωνίδης
691 1051 870 1082 ἀναθένταν
887 1054 950 1082 τῶν
968 1053 1139 1091 Κορινθίων
1155 1052 1271 1085 πίνακα
1293 1053 1333 1093 τῆ
1361 1054 1422 1093 θεῷ

217 1093 306 1124 τὸν”
290 1107 337 1124 ετι
355 1095 405 1125 καὶ
420 1097 476 1126 νῦν
493 1093 681 1134 διαμενοντα
694 1096 744 1127 καὶ
761 1096 818 1128 τὰς
837 1095 964 1137 ἑταίρας
982 1096 1043 1138 ἰδίᾳ
1060 1095 1254 1137 γραψάντων
1270 1095 1328 1127 τὰς
1343 1094 1420 1127 τότε

217 1138 436 1177 ποιησαμένας
452 1140 512 1176 τὴν
529 1139 669 1171 ἱκετείαν
685 1140 736 1171 καὶ
760 1141 896 1180 ὕστερον
915 1139 1078 1180 παρούσας
1102 1141 1258 1178 συνέθηκε
1282 1139 1356 1172 τόδε
1380 1142 1419 1172 τὸ

215 1182 408 1223 ἐπίγραμμα·
437 1184 504 1214 A‘l6'
521 1190 625 1216 κ,τ.λ.

259 1314 353 1345 Plut.
381 1314 463 1346 Ha‘t.
492 1315 574 1345 JlIzcl.
609 1315 650 1345 39
697 1315 747 1344 καὶ
780 1314 843 1353 μὴν
875 1314 923 1345 ὅτι
956 1311 1047 1353 μόναι
1075 1316 1140 1345 τῶν
1159 1312 1361 1351 Ἐλληνίδων
1387 1315 1420 1345 αἱ

218 1359 374 1399 Κορίνθιαι
392 1360 541 1398 γυναῖκες
563 1359 694 1396 εὔξαντο
715 1359 775 1395 τὴν
793 1358 897 1395 καλὴν
915 1357 1039 1395 ἐκείνην
1055 1358 1105 1388 καὶ
1124 1356 1284 1397 δαιμόνιον
1300 1357 1414 1398 εὐχήν,

216 1403 319 1442 ἔρωτα
334 1404 403 1435 τοῖς
420 1401 552 1442 ἀνδράσι
569 1403 629 1438 τῆς
645 1403 724 1442 πρὸς
745 1402 820 1433 τοὺς
842 1401 1025 1442 βαρβάρους
1046 1400 1156 1441 μάχης
1178 1403 1336 1442 ἐμβαλεῖν
1357 1402 1418 1439 τὴν

217 1446 297 1483 θεόν,
319 1447 381 1485 οὐχ
399 1447 484 1478 ὅπως
500 1447 576 1478 τοὺς
592 1446 663 1487 περὶ
684 1447 742 1477 τὸν
760 1445 931 1485 Ἡρόδοτον
947 1447 1106 1485 ἀγνοῆσαι
1124 1447 1257 1477 πιθανὸν
1273 1444 1313 1482 ἧν
1336 1445 1415 1476 ἀλλ’

216 1491 287 1522 οὐδὲ
304 1492 362 1522 τὸν
380 1490 525 1530 ἔσχατον
544 1493 666 1531 Καρῶν·
693 1489 844 1528 διεβοήθη
860 1491 923 1531 γὰρ
944 1491 983 1521 τὸ
1004 1491 1146 1530 πρᾶγμα,
1167 1490 1218 1521 καὶ
1242 1489 1418 1529 Σιμωνίδης

214 1535 368 1571 ἐποίησεν
385 1535 568 1575 ἐπίγραμμα
586 1536 720 1572 χαλκῶν
736 1532 868 1566 εἷκόναν
889 1536 1133 1566 ἀνασταθεισῶν
1149 1535 1184 1565 ἐν
1204 1537 1252 1575 τῷ
1272 1536 1337 1575 ναῷ
1357 1535 1417 1570 τῆς

216 1579 405 1620 Ἀφροδίτης
431 1604 436 1610 .
466 1603 473 1610 .
503 1604 509 1610 .
538 1579 577 1610 τὸ
594 1579 626 1610 δὲ
646 1578 830 1618 ἐπίγραμμα
847 1577 947 1610 τοῦτό
964 1580 1066 1610 ἐστιν·

274 1715 305 1752 Α
317 1710 369 1752 ἴδ’
389 1710 498 1767 ὑπὲρ
510 1709 740 1753 Ἑλλάνων
757 1728 803 1752 τε
820 1710 893 1753 καὶ
910 1711 1173 1767 εὐθυμάχων
1200 1713 1417 1753 πολιατᾶν

330 1770 516 1812 ἐστάθεν
538 1769 771 1823 εὐξάμεναι
794 1768 988 1824 Κύπριδι
1009 1767 1227 1823 δαμοσίαν

274 1828 463 1884 <εὐχάν,
487 1828 734 1881 ἐμβάλλειν
756 1827 984 1884 σφετέροις
1006 1827 1240 1883 ἀνδρέσσιν
1262 1826 1402 1883 ἔρωτα

257 2019 268 2039 ¹
291 2020 387 2062 prol).
409 2019 672 2051 Chamaeleon's
694 2020 965 2061 interpretation
983 2019 1018 2051 of
1041 2019 1113 2052 T.’s
1133 2021 1140 2035 ‘
1153 2019 1304 2051 women'
1321 2032 1329 2059 ;
1353 2019 1413 2052 the

213 2065 320 2095 wives
338 2063 453 2095 would
472 2063 596 2106 hardly
615 2063 703 2095 have
721 2063 806 2095 been
823 2063 888 2096 left
905 2067 967 2095 out
984 2063 1020 2095 of
1041 2064 1070 2095 it

217 2127 293 2174 380
