1526 2458
645 150 792 187 LYRA
832 151 1055 188 GRAECA

306 260 471 298 Aristid.
505 261 538 299 2.
569 261 656 300 293.
687 262 737 300 20
794 256 844 298 οὐ
876 255 1020 298 τοίνυν
1052 254 1140 298 οὐδ’
1169 254 1446 313 Ἀρχίλοχος

246 315 347 370 περὶ
371 318 445 367 τῆς
467 314 767 370 βλασφημίας
789 315 900 356 οὕτω
934 313 1175 369 διατρίβων
1201 315 1300 360 τοὺς
1321 315 1445 370 ἀρίσ-

247 390 347 418 τους
373 375 460 415 τῶν
480 371 709 426 (Ελλήνων
742 373 815 415 καὶ
847 372 947 418 τοὺς
979 372 1288 427 ἐνδοξοτάτους
1320 372 1446 427 ἔλενγε

248 433 407 479 κακῶς,
429 430 552 473 ἀλλὰ
574 432 824 486 Λυκάμβην
853 431 927 472 καὶ
952 430 1110 473 Χειδὸν
1137 431 1211 473 καὶ
1245 464 1253 473 .
1289 464 1298 474 .
1332 464 1341 474 .
1375 431 1450 474 καὶ

249 488 471 536 τοιούτους
513 489 770 545 ἀνθρώπους
816 489 942 543 ἔλεγε
981 492 1142 535 κακῶς.
1204 489 1263 543 μὴ
1305 488 1451 532 τοίνυν

249 549 369 601 ἡμεῖς
401 548 562 591 ἐκεῖνον
595 546 968 604 ὑπερβαλώμεθα,
999 546 1107 601 μηδὲ
1138 547 1450 602 Τιμοκρέοντος

249 609 326 648 τοῦ
377 605 592 664 σχετλίου
643 610 829 662 πρᾶγμα
880 608 1085 658 ποιῶμεν,
1127 605 1230 648 ἀλλ’
1273 606 1451 661 εἰδῶμεν

248 665 456 721 εὐφημεῖν
488 664 543 707 τὰ
574 664 825 720 «γιγνόμενα,
857 671 981 706 κ.τ..λ

310 746 400 784 Seh.
434 747 483 783 acl
517 745 581 783 loc.
646 739 686 782 οἱ
726 739 803 793 μὲν
844 738 1028 794 λυρικὸν
1068 738 1257 793 ποιητὴν
1297 738 1453 783 τοῦτόν

250 803 380 854 φασι,
402 798 663 856 «γεγραφότα
683 798 876 852 ἰάμβους
903 797 1119 850 διαβολὰς
1151 797 1350 871 ἔχοντας·
1412 797 1452 840 οἱ

252 857 341 900 δὲ’
318 877 386 901 οτι
420 857 553 904 κακὸς
574 857 625 911 ἠν
656 857 730 899 καὶ
752 856 1131 910 καταγνωσθεὶς’
1113 856 1185 899 υπ’
1208 855 1454 909 Ἀθηναίων

252 916 422 973 περιῄει
461 916 606 971 λέγων
657 917 712 961 ὡς
763 915 841 957 οὐκ
884 915 957 968 ἐμὲ
997 913 1129 969 μόνον
1178 915 1452 969 πεποιήκασι

249 978 393 1021 κακῶς
424 974 546 1017 ἀλλὰ
578 972 652 1016 καὶ
683 972 920 1030 Περικλέα.

379 1137 868 1186 ΤΙΜΟΚΡΕΟΝΤΟΣ
913 1143 1324 1184 ΠΟΙΗΜΑΤΩΝ1

838 1233 883 1273 A'

742 1324 791 1364 Μ
802 1324 966 1364 ΕΛΩΝ

785 1416 820 1460 1,
842 1416 877 1461 2,
900 1416 924 1454 3

296 1487 389 1520 Pl'ut.
424 1487 535 1518 Tltem.
562 1488 601 1518 '21
650 1484 829 1526 Τιμοκρέων
853 1487 880 1516 δ’
902 1487 918 1516 ὁ
939 1484 1054 1518 Ῥόδιος
1077 1488 1250 1525 μελοποίος
1273 1487 1308 1518 ἐν
1330 1485 1451 1530 ᾄσματι

253 1531 450 1564 καθάπτεται
480 1531 669 1571 πικρότερον
694 1531 751 1562 τοῦ
783 1530 1054 1569 Θεμιστοκλέους,
1082 1530 1123 1561 ὡς
1154 1530 1277 1562 ἄλλους
1307 1531 1367 1570 μὲν
1400 1532 1450 1562 ἐπὶ

252 1576 398 1617 χρημασι
423 1575 569 1628 φυγάδας
596 1572 845 1615 διαπραξαμένου
872 1576 1044 1605 κατελθεῖν
1067 1574 1166 1639 αὐτὸν
1193 1574 1226 1606 δὲ
1256 1572 1346 1616 ξένον
1373 1574 1450 1607 ὄντα

253 1621 302 1652 καὶ
322 1619 420 1662 φίλον
435 1631 610 1661 προεμενου
627 1620 664 1650 δι’
682 1618 844 1659 ἀργύριον·
872 1616 965 1659 λεγει
982 1617 1015 1649 δὲ
1033 1618 1144 1650 οὕτως·

258 1698 356 1735 στρ.
424 1677 554 1721 “Am
603 1678 640 1721 εἰ
688 1677 800 1733 τύὙα
848 1676 1115 1721 Παυσανιαν
1159 1678 1185 1732 ἦ
1228 1679 1301 1722 καὶ
1342 1677 1453 1733 τύγα

485 1737 752 1782 Ξάνθιππον
774 1736 906 1783 αἰνεῖς

369 1796 395 1850 ἢ
449 1795 562 1850 *faya
611 1794 903 1852 Λευτυχίδαν,
949 1795 1033 1850 ε”γὼ
1084 1793 1118 1837 δ’
1169 1794 1453 1852 Ἀριστείδαν

486 1853 671 1906 ἐπαινέῳ

374 1912 491 1968 ἄνδρ’
526 1912 641 1968 ἱερᾶν
673 1911 748 1954 ἀπ’
781 1911 978 1955 Ἀθανᾶν

371 1972 516 2013 ἐλθεῖν
571 1971 643 2013 ἕνα
702 1973 891 2026 λῷστον,
953 1969 1046 2012 ἐπεὶ
1108 1971 1418 2025 Θεμιστοκλῆν
1437 1969 1455 1996 2

487 2028 658 2085 ἤχθαρε
688 2028 836 2078 Λατώ,

431 2112 445 2133 ¹
467 2124 506 2145 or
521 2114 652 2153 μελῶνῖ
765 2110 778 2130 ²
802 2111 896 2145 Wil:
920 2121 990 2144 mss
1008 2112 1120 2151 -κλῆα,
1141 2109 1237 2144 -κλέα
1252 2110 1277 2143 δ’

254 2172 332 2206 420
