1511 2458
621 172 770 210 LYRA
810 171 1033 210 GRAECA

672 279 720 315 43
779 277 814 313 Α
843 277 923 314 and
955 277 986 313 B

268 346 383 388 Heph.
405 348 447 378 42
471 349 519 387 [π.
538 349 761 387 δακτυλικοῦ]-
787 349 837 379 καὶ
861 349 899 378 τὸ
924 347 1142 390 τετράμετρον
1160 347 1204 380 εἰς
1227 347 1433 384 δισύλλαβον

225 390 476 430 καταληκτικόν,
499 391 522 432 ᾧ
538 395 664 434 πρῶτος
679 392 739 432 μὲν
755 391 923 433 ἐχρήσατο
942 392 1143 433 Ἀρχίλοχος
1161 394 1195 423 ἐν
1211 393 1344 432 ἐπῳδοῖς
1370 417 1376 424 .
1397 417 1404 424 .
1424 417 1430 424 .

225 436 361 478 ὕστερον
381 435 413 467 δὲ
432 435 481 467 καὶ
498 436 679 478 Ἀνακρέων
695 436 800 476 τούτῳ
825 439 873 476 τῷ
895 434 1001 477 μέτρῳ
1022 437 1072 468 καὶ
1098 437 1161 468 ὅλα
1185 435 1316 476 ἄσματα
1341 436 1431 469 συνέ-

225 482 329 517 θηκεν·

455 540 698 595 (Ηδυμελὲς
719 539 945 598 χαρίεσσα
967 540 1146 598 χελιδοῖ
1156 540 1173 566 ¹

224 599 287 631 καί·

457 644 641 686 Μνᾶται
663 642 792 696 δηῦτε
813 642 1045 700 φαλακρὸς
1064 642 1260 697 ”Αλεξις.

267 806 359 838 Ibid.
405 810 470 838 τῶν
499 807 532 839 δὲ
558 807 603 839 εἷς
628 807 802 844 συλλαβὴν
827 805 873 847 τῷ
897 806 955 845 μὲν
982 809 1210 850 πενθημιμερεΐ
1232 807 1433 850 Ἀρχίλοχος

224 851 382 893 κέχρηται
408 877 413 883 .
444 877 450 883 .
482 877 488 890 ,
516 855 562 892 τῷ
579 851 613 883 δὲ
631 852 840 892 ἑφθημιμερεῖ
855 850 1042 893 Ἀνακρέων·
1056 850 1069 870 ²

457 915 597 955 ταῦτα
618 911 696 967 μὲν
719 911 772 957 ὠς
796 910 849 953 ἂν
871 911 892 953 ὀ
916 912 1046 967 δῆμος
1069 911 1187 958 ἅπας

803 1088 846 1128 Β]

803 1170 851 1208 45

265 1241 351 1273 Ath.
375 1242 413 1272 15
431 1241 490 1274 671
505 1250 523 1271 e
548 1240 592 1280 [π.
616 1241 812 1282 στεφάνων]·
841 1240 891 1271 καὶ
911 1240 960 1271 διὰ
981 1240 1013 1272 τί
1033 1239 1117 1282 παρὰ
1132 1243 1178 1279 τῷ
1202 1239 1288 1280 αὐτῷ
1312 1242 1429 1283 ποιητῇ

223 1288 283 1326 (τῷ
314 1283 531 1326 Ἀνακρέοντι)
562 1284 652 1325 λύγῳ
683 1284 769 1316 τινὲς
803 1285 1060 1325 στεφανοῦνταις
1093 1285 1194 1326 φησὶν
1224 1285 1288 1326 γὰρ
1319 1286 1352 1316 ἐν
1383 1287 1430 1326 τᾷ

224 1330 360 1371 δευτέρῳ
378 1332 442 1360 τῶν
460 1330 586 1360 Μελῶν·

281 1383 414 1425 <Ὀ>
440 1382 669 1437 Μεγίστης
701 1382 735 1425 δ’
769 1382 789 1424 ὀ
822 1382 1054 1440 φιλόφρων
1087 1381 1191 1426 δέκα
1223 1381 1274 1435 δὴ
1300 1385 1431 1437 μῆνες

396 1441 492 1484 ἐπεί
514 1460 560 1484 τε

282 1500 581 1557 στεφανοῦταί
617 1517 662 1543 τε
697 1499 820 1556 λύγῳ
855 1500 928 1542 καὶ
966 1499 1108 1556 τρύγα
1150 1499 1264 1542 πίνει
1304 1505 1427 1555 μελι-

397 1559 541 1621 affy-³,

223 1634 238 1663 ὁ
256 1630 318 1673 γὰρ
334 1633 392 1668 τῆς
411 1631 514 1671 λύγου
532 1631 695 1673 στέφανος
713 1631 842 1663 ἄτοπος·
868 1631 947 1673 πρὸς
964 1631 1101 1671 δεσμοὺς
1114 1632 1175 1673 γὰρ
1189 1632 1240 1663 καὶ
1254 1630 1430 1672 πλέγματα

222 1676 242 1714 ἡ
260 1674 361 1716 λύγος
379 1675 571 1713 ἐπιτήδειος.
805 1721 853 1759 46

267 1790 357 1822 Ibid.
381 1791 431 1822 10.
453 1790 517 1822 430
527 1789 550 1821 d
596 1791 643 1830 [π.
662 1793 763 1830 μεῖξιν
780 1791 890 1830 οἴνου]
917 1792 933 1821 ὁ
952 1792 977 1821 δ’
994 1788 1174 1832 Ἀνακρέων
1191 1790 1238 1822 ἔτι
1257 1789 1431 1833 ζωρότερον

223 1834 379 1876 (κιρνάναι
398 1833 523 1866 κελεύει
541 1835 599 1866 τὸν
616 1835 714 1874 οἶνον)
733 1836 768 1866 ἐν
784 1834 831 1867 οἷς
848 1842 939 1874 φησι·

280 1895 455 1951 καθαρῇ
497 1894 533 1937 δ’
575 1896 619 1937 ἐν
659 1894 826 1949 κελέβῃ
868 1894 999 1937 πέντε
1037 1908 1162 1938 <τε>
1199 1894 1274 1938 καὶ
1316 1896 1430 1950 τρεῖς

398 1953 712 2010 ἀναχείσθων.4

267 2045 280 2067 ²
303 2056 372 2077 mss
390 2045 547 2085 ἁδυμελὲς
703 2044 716 2063 ²
740 2044 834 2076 wil:
862 2055 932 2076 mss
950 2044 1096 2085 Ἀλκμάν
1245 2043 1258 2064 ⁸
1281 2045 1297 2077 ὁ
1314 2045 1400 2078 Grais

225 2090 236 2109 ⁴
262 2101 307 2122 sc.
330 2090 464 2122 κυάθους

228 2146 300 2181 160
