1526 2458
614 204 764 241 LYRA
804 203 1026 242 GRAECA

215 309 379 358 quidam
424 312 464 345 in
511 309 585 345 hac
631 322 724 346 eum
768 314 883 359 parte
930 310 1116 346 omnibus
1159 311 1244 346 eius
1292 310 1424 360 operis

214 364 444 400 auctoribus·
460 364 702 413 praeferant.

271 497 347 533 See
379 497 462 533 also
493 497 630 547 Heph.
664 499 710 536 (57
744 497 824 534 and
856 499 930 536 404
967 498 1148 544 Consbr„
1178 498 1286 536 Serv,
1321 498 1420 536 (ἐπί.

215 550 329 588 sslelr.
364 552 493 588 (iram.
524 552 606 588 Lat.
639 554 676 590 4.
702 554 777 590 460
799 552 851 597 ff.,
885 553 986 590 Mar.
1017 553 1124 591 vict.
1156 553 1260 591 Ibid.
1292 556 1328 592 6.
1360 555 1422 599 73,

219 607 304 651 125,
336 605 439 642 Plut.
472 606 574 644 Eril.
605 608 666 652 13,
697 607 794 649 Q.C.
827 609 865 645 9.
894 609 932 645 3.
962 608 998 653 2,
1030 607 1122 645 Ael.
1149 607 1258 646 V.H.
1289 608 1327 646 4.
1360 609 1422 654 15,

217 661 251 698 8.
277 661 315 706 2,
331 663 365 699 9.
387 662 422 705 l,
441 660 552 697 Paus.
575 663 607 699 1.
632 662 668 698 2.
685 663 723 706 3,
741 661 840 698 Xen.
861 661 994 707 Hiero,
1011 661 1166 700 Villois,
1184 662 1258 700 An.
1276 663 1315 699 2.
1334 663 1430 708 187,

217 714 318 753 Ath.
358 716 391 753 3.
434 716 511 754 352
528 728 562 762 e,
606 715 822 762 14.62.5d‚
862 715 969 754 ssIar.
1019 716 1113 754 Par.
1153 717 1272 762 48—9‚
1313 716 1422 754 Suid.

520 1073 872 1118 ΣΙΜΩΝΙΔΟΤ
914 1074 1134 1114 ΜΕΛΩΝ

804 1165 848 1204 Α,

707 1271 932 1312 ΤΜΝΩΝ

606 1399 622 1436 1
684 1400 733 1439 εἷς
754 1397 825 1436 Δία
845 1397 1059 1446 Ὀλύμπιον

266 1478 359 1510 Him.
384 1480 437 1509 Or.
459 1479 487 1509 5.
509 1478 530 1508 2
576 1476 701 1508 Ἠλεῖοί
717 1488 796 1507 ποτε
813 1476 872 1512 τῆς
890 1475 1063 1515 Σιμωνίδου
1077 1474 1177 1514 λύρας
1194 1473 1425 1514 ἐπιλαβόμενοι

221 1523 275 1554 ὅτε
303 1524 354 1554 ἐπὶ
383 1523 444 1559 τὴν
471 1525 574 1553 Πῖσαν
604 1520 758 1552 ἔσπευδεν
787 1520 872 1559 ὕμνῳ
903 1521 1068 1558 κοσμῆσαι
1099 1519 1157 1549 τὸν
1183 1519 1256 1557 Δία,
1286 1519 1424 1560 δημοσίᾳ

220 1569 308 1608 φωνῇ
327 1567 387 1604 τὴν
403 1567 501 1598 πόλιν
518 1566 577 1606 πρὸ
595 1566 671 1596 Διὸς
688 1563 776 1606 ᾄδειν
793 1564 956 1595 ἐκέλευον.

642 1736 664 1773 2
723 1737 772 1775 εἷς
793 1733 1009 1772 Ποσειδῶνα

267 1814 343 1846 Seh.
366 1814 450 1845 Eur.
470 1815 556 1845 Med.
577 1815 596 1845 5
623 1812 832 1853 [πάγχρυσον
855 1811 970 1852 ὃέρας]·
996 1812 1035 1842 τὸ
1059 1810 1168 1852 δέρμα·
1194 1811 1292 1841 τοῦτο
1315 1809 1345 1841 οἵ
1366 1809 1426 1848 μὲν

223 1858 409 1900 ὁλόχρυσον
426 1858 623 1898 εἶναίφασιν
640 1859 668 1889 οἱ
693 1857 726 1888 δὲ
748 1858 941 1898 πορφυροῦν.
988 1856 1039 1887 καὶ
1066 1854 1241 1893 Σιμωνίδης
1265 1853 1298 1885 δὲ
1323 1855 1356 1885 ἐν
1379 1855 1426 1894 τῷ

223 1903 275 1935 Εἷς
307 1904 366 1934 τὸν
398 1905 583 1933 Ποσειδῶνα
607 1900 714 1941 ”Ὑ“μνῳ
746 1902 808 1932 ἀπὸ
839 1903 904 1931 τῶν
935 1901 969 1931 ἐν
999 1901 1039 1941 τῇ
1080 1898 1226 1940 θαλάττῃ
1257 1900 1426 1939 πορφυρῶν

223 1950 407 1987 κεχρῶσθαι
424 1947 503 1977 αὐτὸ
521 1945 624 1985 λέγει.

265 2049 276 2068 ¹
301 2050 361 2080 the
393 2048 614 2080 numeration
647 2048 676 2079 is
707 2047 832 2088 purer
869 2044 1108 2086 conjectural3
1147 2044 1246 2075 there
1284 2053 1343 2074 are
1381 2053 1425 2074 no

222 2093 363 2124 ancient
388 2092 581 2124 references
604 2091 650 2133 by
679 2090 825 2122 number
915 2090 928 2108 ²
951 2089 967 2120 1
994 2089 1082 2120 have
1107 2087 1230 2130 placed
1256 2086 1337 2118 here
1365 2086 1426 2118 the

225 2166 298 2202 272
