1526 2458
602 170 747 206 LYRA
789 171 1011 208 GRAECA

763 277 838 316 112

248 347 333 378 Ath.
360 349 409 378 14.
433 348 524 379 6560
570 347 639 388 περὶ
665 347 698 379 δὲ
724 350 836 387 λαγῶν
860 345 1051 382 Χαμαιλέων
1075 347 1176 387 φησὶν
1201 348 1234 378 ἐν
1257 351 1302 386 τῷ
1328 347 1405 388 Περὶ

206 392 379 428 Σιμωνίδου
408 393 447 424 ὡς
475 394 609 422 δειπνῶν
639 393 722 432 παρὰ
753 395 797 430 τῷ
829 390 943 431 Ἱέρωνι
978 393 992 422 ὁ
1027 390 1211 430 Σιμωνίδης,
1242 392 1278 422 οὐ
1308 403 1405 431 παρα-

204 433 354 467 τεθέντος
372 437 456 476 αὐτῷ
476 436 525 467 ἐπὶ
543 437 603 472 τὴν
624 433 786 476 τράπεζαν
809 435 949 474 καθάπερ
972 434 1022 466 καὶ
1044 437 1112 466 τοῖς
1135 435 1251 466 ἄλλοις
1274 437 1405 475 λαγῳοῦ

205 480 281 510 ἀλλ’
300 480 435 519 ὕστερον
453 479 679 519 μεταδιδόντος
696 482 754 510 τοῦ
771 478 922 519 Ἱέρωνος,
943 478 1195 519 ἀπεσχεδίασεν·

266 539 382 582 Οὐδὲ
404 539 487 595 Γγὰρ
512 538 676 582 <οὐδ’>
701 537 822 594 εὐρύς
850 556 932 595 περ
962 538 1040 581 ἐὼν
1064 537 1231 594 ἐξίκετο
1255 537 1407 596 δεῦρο.1

717 702 905 748 113,114

252 773 343 806 Ibid.
365 773 414 804 lo.
428 774 519 803 45:30
550 772 697 813 γριφώδη
715 772 741 802 δ’
760 772 829 803 ἐστὶ
849 773 899 803 καὶ
921 772 1075 813 Σιμωνίδῃ
1093 774 1196 803 ταῦτα
1213 773 1411 813 πεποιημένα

209 821 250 851 ὥς
267 826 350 859 φησι
367 815 560 857 Χαμαιλέων
577 819 592 847 ὁ
611 818 835 857 Ἡρακλεώτης
854 817 887 847 ἐν
905 821 948 856 τῷ
969 817 1042 857 Περὶ
1062 815 1245 855 Σιμωνίδου·

270 902 527 957 Μιξονὸμου
549 919 595 943 τε
618 919 764 954 πατηρ
786 900 938 957 ἐρίφου
959 902 1034 944 καὶ
1056 900 1266 958 σχέτλιος
1283 901 1411 972 ἰχθυς

269 960 466 1013 πλησίον
487 958 718 1015 ἠρείσαντο
742 978 957 1015 καρηατα·
996 959 1136 1002 παῖδα
1159 959 1200 1002 δὲ
1225 959 1378 1006 νυκτὸς

271 1020 493 1074 δεξάμενοι
515 1018 790 1073 βλεφάροισι
814 1017 1058 1060 Διωνύσοιο
1081 1017 1269 1062 ἄνακτος

269 1077 493 1132 βουφόνον
515 1078 593 1118 οὐκ
616 1076 819 1118 ἐθέλουσι
846 1076 1120 1128 τιθηνεῖσθαι
1147 1076 1412 1132 θεράποντα.

214 1179 292 1219 φασὶ
326 1177 359 1209 δὲ
391 1178 419 1208 οἱ
449 1176 508 1216 μὲν
533 1201 538 1207 .
571 1201 576 1206 .
605 1201 611 1207 .
641 1177 669 1207 οἱ
701 1176 735 1207 δέ
767 1184 867 1217 φασιν
895 1179 928 1208 ἐν
954 1176 1082 1208 Ἰουλίδι
1109 1177 1166 1208 τὸν
1193 1181 1238 1217 τῷ
1268 1177 1414 1218 Διονύσῳ

215 1222 366 1261 θυόμενον
383 1223 463 1256 βοῦν
481 1219 541 1251 ὑπό
557 1233 641 1251 τινος
659 1223 723 1252 τῶν
739 1221 914 1252 νεανίσκων
930 1222 1077 1252 παίεσθαι
1095 1221 1237 1253 πελέκει.
1273 1222 1416 1259 πλησίον

216 1266 248 1297 δὲ
273 1267 334 1302 τῆς
359 1267 472 1306 ἑορτῆς
497 1266 595 1301 οὔσης
621 1266 664 1296 εἷς
688 1267 847 1304 χαλκεῖον
870 1267 996 1302 δοθῆναι
1016 1266 1075 1297 τὸν
1094 1265 1245 1296 πέλεκυν·
1278 1266 1337 1296 τὸν
1360 1265 1415 1298 οὖν

216 1310 391 1350 Σιμωνίδην
419 1308 466 1339 ἔτι
495 1308 567 1339 νέον
596 1308 673 1340 ὄντα
698 1308 828 1344 βαδίσαι
854 1310 932 1349 πρὸς
963 1310 1022 1340 τὸν
1046 1309 1177 1348 χαλκέα
1208 1308 1416 1348 κομιούμενον

216 1353 324 1385 αὐτόν.
375 1352 483 1384 ἰδόντα
501 1352 533 1382 δὲ
557 1352 606 1383 καὶ
625 1354 683 1383 τὸν
699 1352 858 1392 τεχνίτην
875 1354 1070 1392 κοιμώμενον
1089 1354 1139 1385 καὶ
1162 1353 1220 1384 τὸν
1242 1354 1343 1386 ἀσκὸν
1365 1355 1416 1385 καὶ

216 1400 272 1429 τὸν
291 1398 438 1437 καρκίνον
455 1397 523 1437 εἰκῇ
542 1395 688 1435 κείμενον
712 1397 762 1427 καὶ
790 1398 989 1433 ἐπαλλήλως
1014 1397 1136 1436 ἔχοντα
1158 1397 1199 1428 τὰ
1224 1396 1414 1439 ἔμπροσθεν,

218 1444 318 1473 οὕτως
347 1439 486 1472 ἐλθόντα
515 1440 615 1470 εἰπεῖν
642 1440 719 1480 πρὸς
748 1441 824 1471 τοὺς
851 1441 998 1477 συνήθεις
1023 1442 1062 1472 τὸ
1090 1439 1318 1483 προειρημένον
1344 1440 1417 1481 πρό-

218 1490 339 1524 βλημα.
383 1485 440 1515 τὸν
456 1483 516 1523 μὲν
532 1484 594 1525 ’γὰρ
611 1487 669 1515 τοῦ
687 1484 796 1524 ἐρίφου
814 1484 936 1523 πατέρα
951 1486 1009 1516 τὸν
1026 1485 1127 1516 ἀσκὸν
1145 1484 1234 1522 εἶναι,
1255 1483 1418 1525 σχέτλιον

218 1531 250 1561 δὲ
277 1529 371 1569 ἰχθὺν
394 1529 453 1559 τὸν
477 1528 634 1567 καρκίνον,
663 1529 777 1559 νυκτὸς
802 1527 835 1558 δὲ
859 1531 956 1560 παῖδα
980 1528 1038 1559 τὸν
1063 1529 1170 1567 ὕπνον
1198 1528 1361 1567 βουφόνον
1385 1528 1418 1560 δὲ

219 1574 268 1605 καὶ
299 1572 456 1604 Διονύσου
489 1571 666 1613 θεράποντα
696 1584 754 1602 τον
785 1570 936 1603 πελέκυν.
985 1572 1140 1609 πεποίηκε
1167 1572 1200 1604 δε
1229 1573 1280 1604 καὶ
1310 1573 1420 1614 ἕτερον

219 1617 401 1657 επίγραμμα
434 1618 448 1647 ὁ
482 1616 665 1654 Σιμωνίδης,
698 1616 714 1646 ο
747 1613 884 1655 παρέχει
916 1618 984 1648 τοῖς
1013 1616 1152 1658 ἀπείροις
1183 1618 1242 1654 τῆς
1275 1617 1419 1657 ιστορίας

218 1661 360 1701 ἀπορίαν·

278 1723 399 1777 Φημὶ
422 1722 496 1764 τὸν
519 1723 596 1764 οὐκ
619 1720 828 1764 ἐθέλοντα
852 1722 998 1778 φέρειν
1019 1722 1216 1777 τέττιγος
1239 1722 1399 1766 ἄεθλον

278 1784 338 1837 τῷ
363 1779 655 1835 Πανοπηιάδῃ
679 1779 836 1822 δώσειν
856 1781 969 1835 μέγα
992 1780 1165 1824 δεῖπνον
1187 1781 1361 1837 Ἐπείῳ.

265 1901 277 1920 ²
302 1902 367 1932 οὐδ’
388 1899 501 1941 suppl.
528 1899 707 1936 Mum-us,
728 1898 771 1929 cf.
791 1898 829 1930 Il.
855 1899 904 1930 14.
922 1899 964 1930 33
988 1898 1059 1930 οὐδὲ
1082 1899 1146 1941 ’γὰρ
1170 1899 1233 1930 οὐδ’
1251 1898 1342 1938 εὐρύς
1364 1912 1424 1941 περ

224 1947 283 1976 ἐὼν
301 1944 480 1980 ἐδυνήσατο
497 1943 603 1974 ποίσας
624 1941 627 1984 Ι
650 1943 798 1982 αἰγιαλὸς
817 1944 893 1979 νῆας
911 1943 1042 1982 χαδέειν

270 2065 281 2083 ¹
309 2064 441 2095 Homer
465 2074 544 2106 says
566 2062 689 2094 ‘wide
714 2063 848 2106 though
874 2064 903 2095 it
926 2074 1006 2103 was,
1028 2063 1089 2095 the
1112 2063 1221 2095 beach
1245 2062 1347 2095 could
1365 2067 1427 2095 not

225 2128 300 2175 346
