1511 2458
536 162 606 199 LY
614 162 684 199 RA
725 162 759 199 G
769 161 949 199 RAECA

719 267 767 304 59

189 337 477 368 Ath.1·2.51·›f
523 350 641 368 τουτον
670 335 725 366 οὖν
750 334 846 373 (τὸν
856 340 940 377 Ηρα
936 334 1030 373 λεα),
1059 335 1160 375 φησὶι
1185 336 1215 374 (6
1241 340 1347 374 Μεγα-

146 395 162 412 κ
167 381 302 421 λείδης),
317 382 345 413 οἱ
362 381 426 412 νέοι
443 382 572 418 ποιηταὶ
587 379 884 419 narao'tceuagovmv
898 381 931 411 ἐν
948 381 1076 422 λῃστου
1088 377 1235 418 σχηματι
1250 376 1348 417 μόνον

146 425 441 467 περιπορευόμενον,
468 425 567 464 ξύλον
592 424 714 464 ἔχοντα
742 425 793 455 καὶ
818 426 958 460 λεοντῆν
982 423 1033 455 καὶ
1058 420 1144 462 τόξα·
1171 422 1222 453 καὶ
1246 422 1349 453 ταῦτα

146 469 271 501 πλάσαι
290 472 418 510 πρῶτον
434 469 639 509 Στησίχορον
659 469 741 500 τὸν
746 470 899 510 Ιμεραΐον.
951 467 1001 499 καὶ
1027 467 1144 498 Ξάνθος
1169 467 1195 497 δ’
1213 467 1229 496 ὁ
1252 472 1348 505 μελο-

147 514 246 551 ποιός,
275 513 495 554 πρεσβύτερος
522 514 564 544 ὢν
592 511 808 553 Στησιχόρου,
839 512 878 543 ὡς
907 512 957 542 καὶ
984 512 1081 543 αὐτὸς
1106 512 1121 541 ὁ
1147 508 1350 548 Στησιχορος

147 570 310 598 μαρτυρει
338 558 378 589 ὥς
407 564 507 596 φησιν
532 559 547 587 ὃ
578 557 816 597 Μεγακλείδης,
849 568 884 586 ου
909 555 1033 592 ταύτην
1058 555 1143 593 αὐτῷ
1169 566 1239 595 περι
1232 553 1350 592 ,τίθησι

147 603 208 638 τὴν
232 601 370 639 στολήν,
397 602 486 632 ἀλλὰ
514 601 574 637 τὴν
599 600 782 641 Ὁμηρικήν.
833 600 944 631 πολλὰ
970 598 1003 630 δὲ
1029 601 1093 630 τῶν
1115 597 1234 630 Ξάνθου
1252 611 1349 638 παρα-

149 646 322 683 πεποίηκεν
338 647 354 675 ὁ
373 645 575 685 Στησίχορος
593 647 701 686 ὥσπερ
718 645 768 676 καὶ
786 645 847 682 τὴν
862 642 1054 684 Ὀρεστείαν
1071 639 1283 682 καλουμενην.

722 786 773 824 60

192 856 294 888 Paus.
320 858 349 888 9
374 858 421 888 ll.
446 858 459 888 l
509 856 744 888 ἐπιδεικνύουσι
770 856 802 887 δὲ
831 855 873 896 (οἵ
897 852 1073 894 Θηβαΐοι)’
1082 852 1268 892 Ηρακλέους
1289 855 1354 884 τῶν

147 900 268 932 παίδων
283 904 348 932 τῶν
366 902 401 932 ἐκ
419 900 569 942 Μεγάρας
585 903 703 941 μνῆμα,
720 898 811 932 οὐδέν
828 913 859 930 τι
877 898 1019 930 ἀλλοίως
1035 899 1077 929 τὰ
1094 899 1126 928 ἐς
1141 898 1200 928 τὸν
1217 896 1355 928 θάνατοι

148 944 307 985 λέγοντες
326 945 345 982 ι]
370 944 573 986 Στησίχορος
594 943 629 976 6
637 947 779 987 Ῑμεραῖος
802 945 853 976 καὶ
879 941 1069 975 Πανύασσις
1096 943 1129 973 ἐν
1151 943 1219 973 τοῖς
1243 940 1355 972 ἔπεσιν

149 989 315 1026 ἐποίησαν.

728 1093 774 1131 61

194 1164 288 1196 Plut.
310 1164 361 1195 H
365 1164 600 1196 102.1[a7.14
646 1165 749 1194 καίτοι
769 1166 832 1194 τῶν
853 1163 1000 1194 παλαιῶν
1017 1161 1068 1192 καὶ
1094 1160 1216 1200 λογίων
1232 1160 1352 1199 ἀνδρῶν

152 1210 214 1248 οὔχ
238 1207 390 1248 ”Ομηρος,
422 1208 484 1245 οὐχ
505 1206 665 1246 Ησίοδος,
693 1209 749 1238 οὐκ
776 1206 987 1248 Ἀρχίλοχος,
1019 1205 1054 1236 οὺ
1086 1204 1291 1244 Πείσανδρος,
1320 1216 1356 1234 ου

154 1251 365 1292 Στησίχορος,
396 1253 452 1283 οὐκ
480 1252 636 1291 Ἀλκμάν,
666 1253 701 1282 οὐ
733 1249 886 1291 Πίνδα)ος
915 1249 1094 1290 Αἰγυπτίου
1121 1248 1225 1300 ἔσχρν
1251 1245 1354 1287 λόγον

153 1296 346 1355 Ἡρακλέους
373 1309 390 1332 ·1
419 1294 571 1333 βοίνικος,
604 1296 681 1326 ἀλλ’
707 1295 761 1326 ἕνα
785 1297 902 1326 τοῦτον
926 1296 1018 1325 ἴσασι
1045 1291 1164 1325 πάντες
1189 1288 1352 1333 Ἠρακλέα

153 1341 211 1371 των
227 1342 377 1372 Βοιώτιον
393 1340 471 1379 ὁαοῦ
488 1340 562 1372 καῖ’
567 1341 711 1379 Αργεΐον.

735 1460 782 1498 62

206 1533 237 1563 Ε.
247 1532 293 1562 M.
327 1532 399 1565 772.
441 1532 483 1562 ⁴9
528 1530 689 1570 Τυφωεύς·
725 1529 874 1561 Ἠσίοδος
914 1529 1015 1561 αὐτὸν
1053 1529 1114 1565 Γῆς
1152 1528 1357 1568 γενεαλογεῖ,

158 1575 360 1616 Στησίχορος
377 1575 522 1615 δὲἽ-Ξρας
539 1574 638 1614 μόνης
656 1574 738 1606 κατὰ
753 1573 969 1613 μνησικακίαν
981 1574 1057 1605 Διὸς
1072 1571 1233 1610 τεκούσης
1250 1569 1357 1603 αὐτόν.

735 1722 784 1759 63

202 1791 364 1834 Apollod.
387 1793 416 1823 3.
441 1793 488 1823 10.
510 1793 529 1823 3
571 1790 730 1832 Κυνόρτου
748 1790 779 1822 δὲ
800 1790 968 1831 Περιήρης,
988 1791 1023 1822 ὓς
1039 1791 1139 1830 γαμεῖ
1154 1786 1361 1831 Γοργοφόνην

158 1850 218 1869 τιν
248 1836 406 1878 Περσέως,
437 1835 576 1875 taeda-ep
605 1834 809 1876 Στησίχορός
841 1842 933 1875 φησι,
961 1835 1011 1866 καὶ
1038 1833 1141 1866 τίκτει
1166 1832 1360 1875 Τυνδάρεων,

160 1880 303 1922 Ἰκάριον,
325 1880 478 1922 Ἀφαρέα,
499 1879 691 1911 Λεύκιππον.

209 2062 220 2081 ¹
243 2062 284 2094 cf.
307 2062 406 2093 Eust.
430 2061 522 2095 1279.
545 2064 564 2092 8
703 2058 717 2078 ²
739 2059 835 2101 prob.
859 2059 894 2090 in
910 2058 971 2090 the
988 2058 1057 2090 last,
1073 2060 1154 2100 part
1171 2055 1277 2096 (⁵seal
1329 2055 1366 2087 of

165 2126 212 2161 62
