1511 2458
536 144 683 181 LYRA
722 145 945 184 GRAECA

202 248 299 285 Hor.
327 248 396 285 Od.
421 250 454 285 4.
480 249 514 287 9.
538 251 585 286 δε

354 327 449 360 non,
470 317 501 351 si
523 318 674 364 priores
697 316 906 355 Maeonius
926 324 1043 356 tenet

356 369 472 405 sedes
497 370 713 416 Homerus,
737 371 969 410 Pindaricae
992 374 1123 410 latent

356 424 542 474 Ceaeque
564 430 606 461 et
627 425 767 462 Alcaei
787 429 963 464 minaces

356 477 657 529 Stesichorique
678 493 819 529 graves
841 481 1054 521 Camenae.

195 550 298 591 Stat.
322 551 417 592 Silv.
442 553 479 592 5.
504 553 541 592 3.
566 553 665 590 154:

504 619 840 672 Stesichorusque
862 622 973 659 ferox

197 695 389 749 [Longin.
396 695 409 749 ]
430 697 532 736 Subl.
553 699 610 736 13
629 699 650 735 3
692 694 820 747 μόνος
842 695 1078 752 Ἡρόδοτος
1094 694 1338 751 Ομηρικώ-

139 768 270 796 τατος
304 751 505 804 ἐγένετο,·
554 752 829 823 Στησίχορος
867 755 930 797 ἔτι
967 754 1251 823 πρότερον,ο
1293 771 1340 796 ’ΤΕ

137 807 425 866 Ἄρχίλοχος,
442 811 618 854 πάντων
635 811 679 854 δὲ
697 812 862 855 τούτων
878 814 1080 867 μάλιστα
1095 811 1115 855 ὁ
1132 812 1339 860 Πλάτων,

139 868 228 910 ἀπὸ
247 871 324 910 τοῦ
335 868 580 925 Ομηρικου
596 870 738 913 κείνου
755 871 945 925 νάματος
960 872 1019 917 εἰς
1033 870 1166 914 αὑτὸν
1181 869 1338 926 μυρίας

140 926 247 972 ὅσας
271 927 563 983 παρατροπὰς
585 929 1011 986 ἀποχετευσάμενος.

198 1010 320 1049 Dion.
353 1011 448 1050 H÷.1l
484 1011 588 1051 Ceus.
627 1013 702 1050 let.
738 1015 771 1050 Ξ).
811 1013 830 1051 T
893 1009 974 1063 ὅρα
1004 1008 1046 1050 δὲ
1076 1007 1151 1050 καὶ
1178 1005 1338 1058 Στησί-

139 1082 272 1120 χορον
314 1065 358 1107 ἕν
399 1083 445 1107 τε
487 1070 576 1111 τοῖς
622 1067 830 1123 ἑκατέρου
883 1070 969 1109 τῶν
1019 1064 1339 1122 προειρημένων

140 1123 383 1178 (Πινδάρου
405 1123 480 1166 καὶ
512 1121 772 1180 Σιμωνίδου)
795 1125 1153 1178 πλεονεκτημασι
1182 1142 1337 1180 κατορ-

139 1181 316 1228 θοῦντα,
352 1182 401 1223 οὐ
436 1201 521 1236 μην
555 1183 677 1226 ἀλλὰ
715 1184 789 1226 καὶ
827 1184 884 1226 ὧν
922 1185 1076 1226 ἐκεῖνοι
1108 1182 1339 1225 λειπονται

139 1243 398 1295 κρατοῦντα·
452 1241 567 1295 λέγω
612 1241 656 1284 δὲ
697 1247 772 1296 τῆς
816 1240 1205 1297 μεγαλοπρεπείας
1255 1243 1340 1282 τῶν

141 1297 255 1340 κατὰ
289 1298 365 1343 τὰς
401 1298 632 1346 ὑποθέσεις
670 1302 957 1355 πραγμάτων,
993 1302 1036 1343 ἐν
1070 1300 1131 1345 οἷς
1166 1297 1220 1341 τὰ
1256 1299 1339 1353 ἤθη

140 1356 214 1398 καὶ
247 1356 300 1399 τὰ
334 1356 565 1411 ἀξιώματα
599 1362 683 1401 τῶν
716 1359 971 1415 προσώπων
1003 1358 1250 1413 τετήρηκεν.

201 1442 261 1480 Id.
299 1442 423 1493 Comp.
461 1444 507 1480 19
585 1438 733 1492 οἱμὲν
765 1439 840 1481 οὖν
876 1439 1065 1511 ἀρχαῖοι
1093 1436 1339 1492 μελοποιοί,

141 1495 257 1550 λέγω
279 1495 556 1540 δὲἈλκαῖόν
574 1516 619 1539 τε
634 1497 709 1539 καὶ
731 1497 918 1553 Σαπφώ,
936 1495 1096 1552 μικρὰς
1112 1498 1342 1539 ἐποιοῦντο

140 1555 339 1610 στροφάς
383 1588 390 1597 .
447 1590 454 1597 .
502 1589 510 1597 .
554 1574 587 1597 οι
634 1555 679 1597 δὲ
719 1556 821 1611 περὶ
863 1553 1148 1626 Στησιχορόν
1182 1572 1227 1596 τε
1267 1553 1340 1596 καὶ

142 1612 362 1667 Πίνδαρον
393 1613 562 1667 μείζους
595 1614 888 1669 ἐργασάμενοι
921 1613 997 1659 τὰς
1026 1611 1253 1686 περιόδους
1283 1611 1342 1656 εἰς

140 1671 294 1713 πολλὰ
335 1689 472 1728 μετρα
524 1672 597 1714 καὶ
648 1674 772 1714 κῶλα
814 1671 1032 1726 διέιειμαν
1081 1669 1218 1716 αὐτὰς
1262 1670 1340 1712 οὐκ

142 1729 286 1772 ἄλλου
319 1729 433 1775 τινὸς
464 1730 490 1784 ἢ
523 1735 598 1783 τῆς
628 1733 884 1784 μεταβολῆς
916 1731 1056 1786 ἔρωτι.

201 1813 302 1850 Ibid.
329 1814 377 1850 24
440 1811 524 1850 τῶν
557 1806 591 1849 δ’
626 1808 778 1850 ἄλλων
810 1808 907 1851 ὅσοι
940 1827 1018 1859 την
1050 1806 1188 1860 αὐτὴν
1212 1804 1342 1861 μεσό-

142 1885 253 1918 τητα
291 1866 602 1919 ἐπιτηδευσαν,
641 1868 816 1922 ὕστεροι
852 1867 930 1921 μὲν
961 1866 1159 1920 (Ομηρου
1189 1867 1342 1934 μακρῷ

142 1924 247 1980 παρ’
303 1927 464 1968 ἐκεῖνον
525 1924 825 1979 ἐξεταζόμενοι
881 1923 1091 1980 φαίνοιντ’
1136 1923 1199 1971 ἄν,
1245 1920 1342 1964 καθ

143 1984 322 2030 ἑαυτοὺς
365 1983 408 2025 δὲ
451 2001 483 2024 ει
529 1982 710 2039 θεωροίη
755 2001 818 2029 τις
865 1982 1037 2030 αὐτούς,
1080 1979 1342 2036 ιἰξιοθεατοί,

142 2044 394 2094 μελοποιων
446 2041 523 2095 μὲν
573 2040 847 2097 Στησίχορός
899 2059 944 2084 τε
994 2041 1069 2082 καὶ
1121 2040 1343 2087 Ἀλκαῖος,

144 2119 192 2155 26
