1526 2458
560 182 704 220 LYRA
744 184 967 221 GRAECA

223 293 355 342 [Plan]
390 294 600 345 [lippam-le.
634 296 745 333 228c
814 322 821 331 .
944 291 1136 333 Πεισιστ
1113 290 1275 345 τράτου
1317 290 1361 333 δὲ

161 346 223 387 ὑεῖ
254 345 504 404 Ἱππάρχῳ,
538 348 582 393 ὃς
618 351 702 390 τῶν
740 349 1071 403 Πεισιστράτου
1106 347 1274 390 παίδων
1310 349 1362 401 ἠν

159 405 472 459 πρεσβύτατος
500 406 574 448 καὶ
602 406 876 462 σοφώτατος,
901 406 943 452 ὃς
976 406 1097 448 ἄλλα
1130 424 1175 449 τε
1207 406 1360 449 πολλὰ

159 463 232 504 καὶ
285 462 405 504 καλὰ
456 464 563 518 ἔργα
618 464 780 537 cospf'as·
838 463 1102 518 ἀπεδείξατο
1155 465 1227 507 καὶ
1262 497 1270 506 .

159 519 402 574 Σιμωνίδην
428 522 502 564 τὸν
536 524 663 565 Κεῖον
692 523 757 565 αεὶ
784 523 882 578 περὶ
915 522 1049 565 αὑτὸν
1079 522 1197 579 εἶχεν
1227 524 1358 576 μεγά-

158 584 253 623 λοις
274 579 450 633 μισθοῖς
471 580 546 622 καὶ
570 580 720 637 δώροις
742 580 918 623 πείθων

217 732 304 770 A.e1
326 733 367 770 l.
377 733 427 770 II.
449 734 484 772 4.
503 734 552 771 24
592 727 903 802 Λεωπρξπης
885 747 905 770 ο
930 727 1098 773 Κεῖος
1079 747 1099 770 ο
1122 731 1198 770 τοῦ
1221 728 1359 782 Σιμω-

159 785 275 828 ιίδου
299 805 448 859 πατηρ
471 787 600 843 ἔτυχε
622 805 729 829 ποτε
751 789 795 829 ἐν
816 785 1078 843 παλαίστρα
1099 787 1356 840 καθήμενος·

158 843 252 886 εἶτα
279 845 485 900 μειράκια
515 863 623 900 προς
655 845 882 898 ἀλληλους
913 844 1078 890 οἰκείως
1111 844 1357 898 διακείμενα

156 920 284 957 ηρετο
307 902 380 945 τὸν
403 903 538 956 ἄνδρα
561 906 652 948 πῶς
681 903 732 945 ἂν
761 903 908 948 αὐτοῖς
941 922 966 956 η
999 901 1132 957 φιλία
1165 902 1357 956 διαμένοι

156 961 372 1013 μάλιστα·
411 960 431 1003 ὁ
455 961 488 1003 δ’
511 979 644 1004 ειπεν·
686 968 695 983 ‘
710 960 816 1003 Ἐὰν
847 964 943 1006 ταῖς
973 961 1186 1012 ἀλλήλων
1208 960 1357 1016 ὀργαῖς

156 1017 393 1071 ἐξίστησθε
415 1019 488 1061 καὶ
509 1019 567 1073 μὴ
591 1018 725 1073 ὁμόσε
753 1022 994 1076 χωροῦντες
1025 1021 1084 1074 τῷ
1112 1019 1232 1075 θυμῷ
1262 1019 1358 1061 εἶτα

156 1076 430 1132 παροξύνητε
451 1077 680 1131 ἀλλήλους
702 1077 796 1120 κατ’
820 1077 1059 1131 ἀλλήλων.’

214 1229 317 1266 Μαι.
341 1230 429 1266 Pm.
454 1230 505 1268 54
567 1223 641 1279 ἀφ’
665 1224 715 1266 οὗ
743 1223 1031 1297 Σιμωνίδης
1011 1243 1031 1266 ο
1062 1224 1356 1280 Λεωπρέπους

155 1281 174 1324 ὁ
200 1282 368 1329 Κεῖος
348 1302 368 1325 ο
392 1283 441 1325 τὸ
462 1282 731 1356 μνημονικὸν
758 1282 892 1338 εὑρὼν
919 1282 1120 1334 ἐνίκησεν
1139 1282 1354 1335 Αθηνησι

153 1340 382 1389 διδάσκων,
404 1342 476 1383 καὶ
498 1341 544 1383 αἶ
565 1340 723 1386 εἰκόνες
746 1341 1001 1393 ἐσταθησαν
1023 1339 1257 1398 “Αρμοδίου
1281 1341 1354 1384 καὶ

152 1398 583 1454 Ἀριστογείτονος,’
570 1418 644 1451 ετη
671 1401 705 1440 H
719 1401 882 1440 ΙΙΔΙΙΙ.

213 1551 321 1589 Suid.
356 1543 609 1599 Σιμωνίδης·
642 1546 734 1599 (α’)·
785 1545 1095 1602 Λεωπρέπους,
1110 1545 1355 1599 Ἰουλιήτης

155 1623 230 1658 της
253 1606 295 1646 ἐν
318 1603 415 1659 Κέῳ
439 1607 491 1659 τῇ
514 1603 632 1659 νήσῳ
654 1603 837 1652 πόλεως,
855 1603 1045 1659 λυρικός,
1061 1602 1171 1657 μετὰ
1193 1603 1352 1656 Στησί-

153 1680 288 1719 χορον
314 1665 403 1708 τοῖς
431 1660 619 1718 χρόνοις·
659 1680 702 1707 ος
728 1662 951 1715 ἐπεκλήθη
978 1661 1256 1718 Μελικερτης
1285 1661 1355 1704 διὰ
1401 1688 1406 1693 ·

155 1720 203 1762 τὸ
246 1720 337 1774 ηδύ.
409 1720 483 1761 καὶ
525 1720 602 1771 τὴν
642 1737 909 1774 μνημονικην
951 1719 994 1762 δε
1037 1719 1196 1776 τέχνην
1237 1719 1355 1774 εὗρεν

153 1778 292 1823 οὗτος.
354 1778 620 1833 προσεξευρε
654 1777 698 1820 δὲ
734 1778 809 1820 καὶ
846 1778 900 1820 τὰ
935 1777 1082 1834 μακρὰ
1116 1780 1201 1820 τῶν
1235 1795 1354 1820 στοι-

154 1835 286 1891 χείων
307 1837 382 1878 καὶ
403 1835 556 1883 διπλᾶ,
572 1835 645 1877 καὶ
668 1839 720 1891 τῇ
741 1835 856 1894 λύρα
878 1836 952 1878 τὸι
974 1835 1120 1892 τρίτον
1143 1835 1353 1890 φθόγγον.

152 1894 202 1947 γε’
205 1912 303 1947 γονε
321 1893 401 1935 δε’
383 1895 455 1935 επὶ
477 1897 552 1946 τῆς
570 1898 871 1946 πεντηκοστῆς
891 1895 1016 1946 ἕκτης
1029 1893 1351 1948 Ολυμπιαδος·

155 1952 194 1993 οἱ
216 1952 302 1993 δὲ’
283 1952 355 1994 επὶ
377 1956 451 2004 τῆς
473 1952 712 2004 ἑξηκοστης
736 1951 934 2007 δευτέρας
957 1952 1222 2006 γεγράφασι.
1276 1953 1352 1994 καὶ

154 2009 380 2065 παρέτεινε
410 2008 541 2065 μέχρι
573 2027 648 2062 της
677 2009 1010 2064 ἑβδομηκοστῆς
1037 2009 1203 2062 ὀγδόης,
1227 2009 1352 2058 βιους

153 2067 227 2119 ἔτη
257 2067 345 2109 πθᾌ
408 2067 484 2109 καὶ
514 2066 762 2121 γέγραπται
793 2069 912 2124 αὐτῷ
944 2067 1104 2123 Δωρίδι
1136 2066 1351 2124 διαλεκτῳ

154 2144 228 2190 248
