1511 2458
602 150 877 188 XANTHUS

615 524 875 569 ΞΑΝΘΟΤ

737 638 749 668 l

182 706 268 738 Ath.
296 707 347 737 l‘Z.
371 706 435 737 512
449 705 470 737 f.
497 705 542 744 [π.
572 704 795 746 Ἥρακλέους]’
844 706 961 736 τοῦτον
983 704 1047 744 οὖν,
1072 705 1172 746 φησίν
1191 705 1220 747 (ὁ
1239 710 1344 745 Μεγα-

142 751 298 792 κλείδης),
321 751 349 781 οἷ
366 748 430 781 νέοι
447 750 576 786 ποιηταὶ
593 747 890 787 κατασκευάζουσιν
901 751 936 780 ἐν
948 751 1077 792 λῃστοῦ
1094 748 1348 790 σχήματιμόνον

140 794 435 836 περιπορευόμενον,
463 794 559 835 ξύλον
588 793 709 833 ἔχοντα
733 793 784 824 καὶ
810 796 951 831 λεοντῆν
975 794 1026 825 καὶ
1051 793 1143 834 τόξα·
1167 794 1218 825 καὶ
1244 795 1346 825 ταῦτα

141 837 265 871 πλάσαι
281 842 408 880 πρῶτον
426 838 630 878 Στησίχορον
646 838 704 868 τὸν
721 838 883 878 Ἱμεραῖον.
952 839 1002 869 καὶ
1023 836 1138 870 Ξάνθος
1159 839 1186 868 δ’
1211 839 1227 869 ὁ
1251 844 1346 878 μελο-

141 882 240 921 ποιός,
270 882 492 924 πρεσβύτερος
520 884 562 913 ὢν
588 880 804 922 Στησιχόρου,
828 883 867 913 ὡς
897 883 947 913 καὶ
975 883 1069 913 αὐτὸς
1095 884 1111 913 ὃ
1144 881 1347 923 Στησίχορος

140 929 302 968 μαρτυρεῖ,
324 928 364 958 ὥς
381 934 482 967 φησιν
501 927 516 956 ὁ
535 926 773 966 Μεγακλείδης,
793 927 827 956 οὐ
844 925 967 964 ταύτην
983 928 1071 967 αὐτῷ
1085 925 1266 967 περιτίθησι
1287 927 1348 964 τὴν

142 971 279 1010 στολήν,
300 971 388 1003 ἀλλὰ
403 971 464 1008 τὴν
482 970 665 1011 Ὁμηρικήν.

876 1092 894 1105 f

578 1102 653 1137 '2—3
711 1096 910 1151 Ὀρῖστεια

187 1190 277 1222 Ibid.
337 1191 450 1222 πολλὰ
485 1190 518 1221 δὲ
552 1192 610 1221 τοῦ
645 1189 764 1223 Ξάνθου
795 1190 1055 1229 παραπεποίηκεν
1088 1193 1104 1222 ὁ
1131 1190 1346 1231 Στησίχορος,

144 1237 251 1276 ὥσπερ
268 1236 319 1266 καὶ
337 1236 398 1273 τὴν
415 1234 605 1276 Ὀρεστείαν
622 1234 833 1275 καλουμένην.

738 1339 759 1375 3

187 1427 264 1459 Ael.
297 1428 333 1458 V.
344 1427 386 1457 Η.
413 1429 442 1458 4.
469 1428 510 1458 26
567 1426 683 1459 Ξάνθος
708 1429 723 1458 ὁ
750 1427 884 1464 ποιητὴς
908 1429 974 1457 τῶν
1003 1424 1292 1466 μελῶν-ἐγένετο
1316 1425 1349 1457 δὲ

144 1472 238 1504 οὗτος
254 1470 473 1511 πρεσβύτερος
491 1469 696 1511 Στησιχόρου
712 1474 770 1503 τοῦ
784 1469 1079 1512 Ἰμεραίου-λέγει
1090 1470 1151 1508 τὴν
1169 1469 1350 1510 Ἠλέκτραν

144 1519 201 1548 ‘mss
218 1516 455 1555 Ἀγαμέμνονος
476 1517 510 1545 οὐ
533 1517 631 1546 τοῦτο
657 1515 746 1556 ἔχειν
769 1517 909 1554 τοῦνομα
932 1518 1059 1555 πρῶτον
1075 1514 1164 1545 ἀλλὰ
1180 1514 1345 1551 Λαοδίκην.

147 1559 213 1592 ἐπεὶ
239 1560 271 1591 δὲ
296 1558 504 1599 Ἀγαμέμνων
527 1559 675 1602 ἀνῃρέθη,
703 1561 764 1597 τὴν
788 1559 821 1590 δὲ
848 1560 1140 1599 Κλυταιμνήστραν
1157 1559 1172 1588 ὁ
1197 1559 1349 1597 Αἴγισθος

146 1605 247 1645 ἔγημε
264 1605 314 1635 καὶ
333 1604 559 1641 ἐβασίλευσεν,
580 1605 740 1644 ἄλεκτρον
757 1603 857 1635 οὖσαν
873 1604 923 1634 καὶ
943 1605 1180 1643 καταγηρῶσαν
1195 1600 1350 1642 παρθένον

145 1650 283 1689 Ἀργεῖοι
319 1646 499 1689 Ἠλέκτραν
533 1648 696 1679 ἐκάλεσαν
735 1648 784 1678 διὰ
815 1649 853 1678 τὺ
893 1648 1034 1688 ἀμοιρεῖν
1066 1647 1178 1686 ἀνδρὸς
1217 1646 1267 1677 καὶ
1306 1646 1350 1684 μὴ

146 1694 355 1733 πεπειρᾶσθαι
373 1692 520 1732 λέκτρον.

155 2129 197 2153 12
