1511 2458
551 152 695 188 LYRA
736 153 957 189 GRAECA

151 256 382 311 εἰρημένων
415 255 551 298 τόνων
595 256 794 312 στροφὴν
837 257 1090 311 ποιήσαντά
1123 261 1237 313 φασι
1278 255 1351 299 τὸν

150 314 357 359 Σακάδαν
394 314 566 368 διδάξαι
604 314 720 372 ᾄδειν
754 314 828 357 τὸν
868 316 1013 372 χορόν,
1046 315 1242 371 Δωριστὶ
1275 315 1352 367 μὲν

152 373 229 426 τὴν
260 374 450 428 πρώτην,
475 374 697 429 Φρυγιστὶ
729 373 773 416 δὲ
805 373 882 426 τὴν
914 373 1129 428 δευτέραν,
1163 373 1351 415 Λυδιστὶ

154 431 198 473 δὲ
230 431 307 485 τὴν
349 431 512 486 τρίτην·
547 432 783 474 καλεῖσθαι
817 431 861 474 δὲ
898 436 1077 488 τριμερῆ
1111 432 1184 474 τὸν
1222 430 1352 485 νόμον

151 492 307 532 τοῦτον
340 489 412 531 διὰ
444 489 522 543 τὴν
551 490 820 544 μεταβολήν.
885 491 927 532 ἐν
951 490 994 532 δὲ
1027 494 1078 546 τῇ
1102 492 1145 532 ἐν
1167 489 1352 534 Σικυῶνι

151 549 387 604 αναγραφῇ
420 551 472 603 τῇ
505 548 606 604 περὶ
637 551 723 590 τῶν
755 551 948 600 ποιητῶν
982 550 1156 593 Κλονᾶς
1181 547 1353 604 εὑρετὴς

152 606 486 661 ἀναγέγραπται
520 625 597 649 του
633 610 857 663 τριμεροῦς
894 605 1036 659 νόμου.
1110 608 1134 659 ἡ
1168 607 1244 660 μὲν
1279 606 1354 648 οὖν

153 664 305 718 πρώΤη
338 683 618 710 Καταστασις
650 668 734 707 Τῶν
766 665 865 720 περὶ
898 683 976 717 Την
997 682 1214 720 μουσικην
1236 665 1354 720 Ε’ᾈΤῇ

154 721 338 779 Σπάρτῃ
378 723 661 779 1ερπάνδρου
703 741 1070 777 καταστησαντος
1111 723 1353 777 γεγένηται·

154 785 229 835 τῆς
253 781 453 838 δευτέρας
480 782 523 823 δὲ
547 782 759 835 Θαλητας
793 800 838 824 τε
872 815 880 824 .
915 815 923 823 .
959 815 967 823 .
1001 781 1076 824 καὶ
1106 780 1356 834 Ξενόδαμος

247 874 254 882 .
289 840 362 882 καὶ
386 840 648 896 Ξειόκριτος
682 874 690 882 .
725 873 734 882 .
771 873 778 882 .
813 858 884 882 και
900 840 1225 894 Πολυμναστος
1259 873 1266 881 .
1303 872 1311 881 .
1347 871 1356 880 .

160 898 233 940 καὶ
263 895 470 944 Σακάδας
504 897 524 941 6
545 897 743 954 Ἀργεῖος
764 899 967 953 μάλιστα
999 898 1144 941 αἰτίαν
1177 898 1358 954 ἔχουσιν

159 956 364 1011 ἡγέμονες
398 957 623 1011 γενέσθαι·
673 957 838 999 τούτων
871 956 956 1013 γὰρ
1000 955 1357 1010 εισηγηο-αμένων

161 1034 216 1057 τα
253 1015 350 1069 περὶ
392 1014 471 1060 τὰς
509 1015 836 1069 Γυμνοπαιδιας
873 1015 951 1061 τὰς
987 1016 1029 1057 ἐν
1064 1012 1359 1066 Λακεδαίμονι

159 1074 338 1127 λέγεται
373 1075 724 1127 κατασταθηναι,
754 1073 808 1116 τὰ
841 1073 940 1129 περὶ
977 1074 1054 1119 τὰς
1087 1072 1358 1126 Ἀποδείξεις

161 1150 238 1176 τας
261 1133 304 1174 ἐν
323 1131 556 1190 Ἀρκαδια,
581 1135 667 1174 τῶν
700 1150 745 1174 τε
769 1133 812 1174 ἐν
829 1133 987 1188 ’Ἀργει
1019 1130 1074 1173 τὰ
1094 1130 1361 1185 Ἐνδυμάτια

161 1190 427 1244 καλούμενα.
493 1208 604 1242 ησαν
647 1190 681 1231 δ’
723 1190 765 1232 οἱ
804 1191 904 1246 περὶ
944 1189 1158 1242 Θαληταν
1200 1207 1246 1232 τε
1287 1188 1361 1231 καὶ

163 1247 416 1303 Ξενόδαμον
438 1249 509 1290 καὶ
534 1247 798 1304 Ξενόκριτον
820 1249 998 1301 ποιηταὶ
1023 1246 1297 1297 παιάνων,οἱ
1320 1246 1363 1288 δὲ

162 1307 261 1361 περὶ
292 1307 617 1358 Πολύμναστον
643 1309 728 1349 τῶν
754 1306 910 1362 ὀρθίων
935 1305 1228 1360 καλουμένων,
1250 1305 1291 1347 οἱ
1320 1304 1363 1346 δὲ

163 1365 261 1419 περὶ
283 1365 488 1410 Σακάδαν
511 1364 724 1420 ἐλεγείων.

225 1449 335 1487 Paus.
374 1449 431 1485 10.
469 1448 504 1488 7.
538 1445 560 1480 4
594 1444 660 1497 [π.
693 1442 904 1497 Πυθίων]·
968 1446 1042 1496 τῆς
1069 1441 1114 1485 δὲ
1145 1459 1364 1510 τέσσαρα*

166 1501 328 1554 κόστης
360 1502 664 1556 Ὀλυμπιάδος
696 1502 771 1543 καὶ
804 1501 970 1555 ὀγδόης,
998 1534 1005 1543 .
1041 1534 1049 1542 .
1085 1534 1093 1542 .
1127 1501 1212 1543 ἔτει
1237 1498 1366 1556 τρίτω

238 1595 244 1602 .
276 1560 634 1616 ἀνηγορεύθησαν
670 1563 871 1605 νικῶντες
909 1558 1154 1614 Κεφαλλην
1193 1576 1239 1600 τε
1277 1559 1367 1599 Με-

166 1619 371 1673 λάμπους
403 1617 646 1676 κιθαρωδιά
681 1618 755 1660 καὶ
792 1617 985 1673 αὐλῳδοὶ
1016 1616 1177 1673 Ἀρκὰς
1209 1615 1366 1672 Ἐχέμ-

168 1679 227 1733 Bp
233 1695 345 1725 οτος,
380 1675 586 1721 Σακάδας
624 1663 671 1718 δὲ
714 1675 913 1732 Ἀργεῖος
955 1675 1028 1718 ἐπὶ
1070 1678 1159 1720 τοῖς
1197 1675 1364 1719 αυλοῐς.

170 1735 366 1778 ανείλετο
394 1735 437 1777 δὲ
472 1734 492 1777 ὁ
525 1734 729 1780 Σακάδας
759 1734 882 1780 οὗτος
909 1734 979 1777 καὶ
1014 1733 1157 1779 ἄλλας
1189 1732 1263 1775 δύο
1292 1731 1369 1778 τὰς

169 1794 325 1849 εφεξι)ς
348 1793 508 1846 ταύτης
534 1793 772 1838 Πυθιάδας.

229 1877 332 1916 Ibid.
370 1879 403 1914 (ἰ.
449 1878 508 1914 14.
547 1878 568 1913 9
603 1873 668 1926 [π.
712 1870 1001 1925 Ὀλυμπίας]
1050 1869 1170 1925 παρὰ
1213 1868 1255 1910 δὲ
1297 1866 1372 1910 τὸν

172 1932 348 1987 Πύρρον
380 1931 489 1986 ανὴρ
519 1929 671 1986 μικρὸς
702 1930 865 1975 αὐλοὺς
897 1929 1010 1985 ἔχων
1050 1927 1172 1970 ἐστὶν
1201 1928 1371 1969 ἐκτετυ-

171 1989 368 2043 πωμένος
394 1989 467 2032 ἐπὶ
489 1989 647 2045 στήλῃ.
711 1988 851 2044 τούτῳ
882 1987 1076 2029 Πυθικαὶ
1108 1989 1226 2028 νῖκαι
1247 1982 1370 2038 γεγό-

171 2066 272 2089 νασι
297 2053 355 2089 τῶ
379 2067 430 2089 αι
434 2048 501 2103 δρι
519 2047 700 2103 δευτέρῳ
723 2064 832 2100 μετα
850 2043 1056 2090 Σακάδαν
1070 2044 1144 2087 τὸν
1158 2043 1370 2098 Ἀργεῖον.

171 2125 192 2160 6
