1511 2458
559 138 705 175 LYRA
746 138 969 176 GRAECA

735 246 784 284 35

194 313 272 345 Seh.
307 313 408 345 Pind.
444 314 475 345 I.
507 315 538 345 8.
571 315 614 346 43
661 314 856 346 Mommzen
896 314 990 354 [μηδὲ
1029 313 1150 352 Νηρέος
1191 313 1353 356 θυγάτηρ’

151 355 281 388 νεικέων
304 356 432 389 πέταλα
457 359 503 389 δὶς
528 356 752 398 ἐγγυαλιζέτω
774 356 778 401 Ι
799 358 921 398 ἄμμιν]’
965 357 1093 390 νεικέων
1109 365 1248 390 πεταλα·
1286 359 1358 390 ἀντὶ

150 404 209 432 τοῦ
234 404 439 442 φιλονεικιῶν
461 402 503 433 τὰ
527 402 651 443 φύλλα,
672 403 911 444 τροπικώτερον
935 402 968 434 δὲ
992 406 1057 434 τῶν
1078 405 1285 444 φιλονεικιῶν
1304 403 1363 435 τὰς

153 445 285 478 στάσεις
302 446 320 483 ἢ
339 446 380 477 τὰ
396 445 495 484 νείκη·
538 448 578 478 ὡς
590 445 731 487 Ἴβυκος·

549 515 714 558 κλάδον
735 513 971 558 Ἐνυαλίου

152 599 202 630 καὶ
214 598 368 639 ’Ὀμηρος-
414 600 422 614 ⁴
435 597 508 638 ὄζον
519 598 662 641 Ἀρηος.’

735 751 783 789 36

198 819 276 852 Sch.
305 820 369 862 Ap.
398 821 460 852 Rh.
489 821 522 852 3.
544 820 585 851 2⁴3
609 819 710 860 [παιδὶ
735 821 803 860 ⁶54⁸]-
838 818 969 855 Ἴβυκος
995 819 1027 852 δὲ
1053 820 1104 852 καὶ
1129 818 1302 853 Ἡσίοδοςι
1327 820 1363 852 ἐκ

155 863 261 896 Χάους
277 863 371 906 λέγει
387 865 446 896 τὸν
457 863 593 906 Ἔρωτα.

738 989 785 1026 37

196 1058 285 1091 Ath.
303 1059 335 1089 ⁴2.
354 1059 397 1090 39
414 1057 435 1089 b
453 1058 500 1098 [π.
522 1057 674 1097 νέκταρος
692 1057 742 1088 καὶ
764 1056 968 1098 ἀμβροσίας]·
1004 1057 1134 1093 Ἴβυκος
1154 1056 1189 1088 δέ
1205 1064 1286 1098 φησι
1302 1057 1364 1095 τὴν

153 1103 335 1143 ἀμβροσίαν
345 1105 403 1133 τοῦ
413 1101 546 1142 μέλιτος
563 1103 633 1133 κατ’
647 1101 794 1133 ἐπίτασιν
806 1100 1042 1133 ἐννεαπλασίαν
1055 1101 1145 1140 ἔχειν
1156 1101 1359 1141 γλυκύτητα,

154 1148 194 1178 τὸ
209 1145 285 1186 μέλι
302 1145 411 1188 λέγων
427 1146 540 1178 ἔνατον
557 1147 635 1178 εἶναι
651 1144 744 1187 μέρος
761 1147 819 1182 τῆς
838 1145 1016 1187 ἀμβροσίας
1033 1146 1115 1177 κατὰ
1131 1147 1192 1184 τὴν
1207 1145 1335 1184 ἡδονήν.

736 1311 784 1349 38

196 1380 273 1414 Sch.
294 1381 338 1412 Il.
359 1381 388 1412 3.
409 1382 473 1413 314
524 1380 702 1422 Πορφύριος
725 1380 757 1411 δὲ
780 1382 813 1411 ἐν
834 1382 903 1412 τοῖς
926 1378 1240 1420 Παραλελειμμένοις
1261 1380 1361 1421 φησίν

155 1426 205 1457 ὅτι
222 1427 279 1457 τὸν
289 1425 429 1467 ’Ἕκτορα
445 1425 652 1458 ’Λπόλλωνος
670 1425 736 1456 υἱὸν
752 1424 966 1466 παραδίδωσιν
978 1424 1118 1463 Ἴβυκος,
1139 1423 1357 1467 Ἀλέξανδρος,

155 1470 328 1511 Εὐφορίων,
350 1469 531 1510 Λυκόφρων.

735 1611 783 1648 39

198 1678 289 1710 Ibid.
318 1680 365 1711 13.
396 1679 459 1711 516
491 1679 563 1718 [τοῦ
596 1678 804 1719 (Ἰδομενέως)
833 1679 866 1710 δὲ
895 1677 998 1716 βάδην
1026 1677 1176 1711 ἀπιόντος
1207 1676 1358 1710 ἀκόντισε

155 1724 239 1763 δουρὶ
258 1727 375 1763 φαεινῷ
399 1724 401 1763 Ι
425 1724 602 1764 Δηΐφοβος·
644 1724 682 1761 δὴ
705 1721 767 1765 γάρ
784 1724 812 1755 οἷ
835 1722 914 1763 ἔχεν
930 1721 1026 1754 κότον
1043 1722 1176 1762 ἐμμενὲς
1193 1723 1280 1763 aiei}
1320 1723 1360 1754 ὡς

152 1766 354 1807 ἆντεροίστης
380 1767 524 1805 Ἑλένης·
566 1769 606 1800 ὡς
637 1770 792 1807 μαρτυρεῖ
815 1766 948 1802 Ἴβυκος
976 1768 1027 1799 καὶ
1059 1766 1243 1806 Σιμωνίδης·
1283 1766 1359 1798 ἀλλ’

152 1812 304 1885 οὔτεόῆρα
328 1810 551 1850 μεσαιπόλιος,
572 1813 646 1843 οὔτε
668 1813 708 1843 τὺ
725 1812 808 1853 παρὰ
825 1810 941 1852 Ἰβύκῳ
957 1809 1087 1850 ἀληθές,
1106 1810 1195 1842 ἀλλὰ
1219 1810 1269 1842 διὰ
1284 1814 1361 1842 τοὺς

154 1867 218 1886 πεσ
241 1854 346 1887 ντας.2

197 1950 207 1970 ¹
232 1962 301 1983 mss
318 1951 391 1983 also
402 1952 465 1989 Ἴβ.
489 1954 504 1983 ὁ
523 1950 556 1983 δὲ
575 1954 646 1983 Ἠσ.
740 1951 753 1971 ²
778 1950 924 1994 reading
940 1950 1152 1993 apparently
1169 1952 1314 1992 corrupt

197 2039 210 2058 ¹
234 2041 463 2082 Aphrodites
557 2041 570 2060 ²
594 2051 688 2073 some
708 2041 822 2073 words
839 2040 936 2083 perh.
955 2041 1099 2082 missing
1116 2040 1197 2072 here
1275 2039 1288 2059 ³
1313 2039 1356 2072 cf.

161 2113 231 2138 102
