1511 2458
529 146 595 183 LY
609 148 678 184 ΒΑ
719 147 755 183 G
765 146 941 183 RAECA

129 250 334 295 Σακάδας
374 250 451 297 μὲν
491 249 575 305 1’γὰρ
616 249 690 292 τὸν
731 250 880 304 ἀγῶνα
922 248 995 292 τὸν
1031 248 1210 291 τεθέντα
1250 248 1334 291 ὑπὸ

130 307 467 365 Ἀμφικτυόνων
509 309 585 350 οὐκ
618 309 722 350 ὄντα
756 327 823 350 πω
858 307 1127 364 στεφανίτην
1160 308 1233 350 καὶ
1267 306 1333 350 ἐπ’

130 366 277 422 ἐκείνῳ
300 366 570 423 στεφανίτας
595 365 669 409 δύο
692 366 878 419 ἐνίκησε.
914 399 921 408 .
959 399 967 408 .
1003 399 1011 408 .

186 493 290 530 plut,
313 493 414 529 Πιιε.
441 494 488 529 12
565 487 663 530 ἔστι
685 486 729 529 δέ
752 505 815 533 τις
838 487 911 529 καὶ
932 486 1032 540 περὶ
1055 489 1140 528 τῶν
1161 486 1336 542 ῥυθμῶν

131 546 295 600 λό’γος.
355 546 712 600 ,Πολύμναστος
734 546 778 588 δὲ
794 544 905 600 μετὰ
923 548 999 586 τοῦ
1015 544 1336 601 Γερπανδρείου

133 580 330 661 τρόπου,
337 608 469 660 καινῷ
486 606 503 632 1
535 605 774 661 ἐχρησατο,
796 604 870 646 καὶ
902 603 1034 648 αὐτὸς
1065 603 1213 658 μέντοι
1239 603 1336 659 ἐχό-

132 681 257 718 μενος
280 667 357 705 τοῦ
380 666 521 706 καλοῦ
548 663 701 710 τύπου,
727 662 938 707 ὡσαύτως
961 661 1005 704 δὲ
1028 662 1102 704 καὶ
1125 661 1337 715 Θαλήτας

134 722 207 763 καὶ
230 719 448 767 Σακάδας·
483 721 557 763 καὶ
588 720 673 776 ’γὰρ
697 721 816 763 οὗτοι
845 721 961 763 κατά
992 738 1042 774 Γγε
1067 719 1144 766 τὰς
1175 720 1334 776 ῥυθμο-

133 778 282 826 ποιίας
314 779 468 828 ἱκανοί,
493 780 569 822 οὐκ
601 779 877 831 ἐκβαίνοντες
908 778 1054 834 μέντοι
1087 781 1165 821 τοῦ
1196 781 1339 821 καλοῦ

174 837 185 851 s

134 857 288 881 τυπου.

199 964 294 1001 Poll.
319 966 353 1001 4.
380 964 428 1002 79
492 959 612 1013 νόμοι
655 959 698 1002 δὲ
739 958 975 1013 Ὀλύμπου
1012 959 1085 1002 καὶ
1119 957 1340 1028 Μαρσύου

136 1018 324 1075 Φρύγιοι
362 1018 436 1060 καὶ
465 1017 630 1066 Λύδιοι,
656 1017 735 1060 ὁδὲ
764 1017 948 1059 Σακάδα
978 1017 1105 1072 νόμος
1132 1015 1340 1063 Πυθικός,

137 1096 171 1120 οι
198 1077 242 1119 δὲ
268 1075 398 1119 Ειίου
423 1075 623 1125 Κύκλιοι,
643 1076 717 1119 καὶ
739 1076 974 1130 Ὀλύμπου
996 1074 1340 1130 Ἐπιτυμβίδιοι.

200 1202 299 1238 Ibid.
320 1202 370 1237 84
431 1199 508 1238 τοῦ
534 1195 578 1238 δὲ
608 1196 808 1238 Πυθικοῦ
835 1194 964 1249 νόμου
992 1199 1068 1237 τοῦ
1097 1196 1342 1248 αὐλητικοῦ

137 1256 245 1312 μέρη
292 1254 436 1302 πέντε,
474 1256 627 1310 Πεῖρα,
672 1253 1057 1308 Κατακελευσμός,
1095 1252 1340 1307 Ἰαμβικόν,

139 1312 386 1361 Σπουδεῖον,
432 1313 783 1369 Καταχόρευσις.
857 1312 1040 1367 δήλωμα
1080 1311 1114 1354 δ’
1157 1312 1277 1355 ἐστὶν
1320 1311 1340 1354 6

140 1372 266 1425 νόμος
298 1376 374 1425 τῆς
405 1374 481 1413 τοῦ
509 1370 796 1416 ’Λπόλλωνος
823 1371 970 1427 μάχης
1002 1370 1111 1427 πρὸς
1137 1370 1211 1413 τὸν
1242 1370 1339 1425 δρά-

139 1448 287 1473 κοντα.
350 1429 425 1472 καὶ
457 1430 500 1472 ἐν
528 1429 606 1484 μὲν
628 1433 680 1485 τῇ
714 1428 854 1486 Πείρᾳ
874 1429 996 1487 διορᾷ
1030 1429 1103 1472 τὸν
1137 1428 1272 1471 τόπον
1305 1429 1341 1471 εἰ

140 1489 256 1544 ἄξιός
291 1489 385 1530 ἐστι
418 1491 494 1530 τοῦ
526 1488 706 1542 ἀνγῶνος·
741 1490 784 1530 ἐν
816 1487 861 1529 δὲ
893 1491 951 1543 τῷ
977 1474 1339 1543 ιΚατακελευσμςῐ)

140 1549 433 1603 προκαλεῖται
476 1544 550 1588 τὸν
593 1545 824 1601 δράκοντα,
860 1546 905 1588 ἐν
945 1545 989 1588 δὲ
1032 1549 1092 1600 τῷ
1124 1544 1341 1601 Ἰαμβικῷ

139 1606 343 1662 μάχεται.
407 1604 718 1660 ἐμπεριειληφε
751 1603 795 1646 δὲ
832 1603 879 1646 τὸ
911 1602 1141 1656 Ἰαμβικὸν
1172 1604 1245 1646 καὶ
1287 1602 1342 1646 τὰ

141 1662 420 1705 σαλπικτικὰ
443 1662 669 1718 κρούματα
692 1662 766 1704 καὶ
788 1662 861 1704 τὸν
893 1661 1151 1716 ὀδοντισμὸν
1179 1664 1233 1708 ὡς
1265 1664 1342 1704 τοῦ

142 1722 376 1775 δράκοντος
421 1721 464 1762 ἐν
505 1725 565 1762 τῶ
607 1720 862 1774 τοξεύεσθαι
904 1719 1200 1773 συμπρίοντος
1241 1738 1340 1766 τους

142 1779 332 1825 ὀδόντας.
403 1779 453 1821 τὸ
489 1779 532 1820 δὲ
564 1776 799 1823 Σπονδεῖον
836 1778 965 1830 δηλοῖ
997 1778 1075 1833 τὴν
1108 1777 1228 1831 νίκην
1263 1781 1341 1821 τοῦ

142 1839 254 1880 θεοῦ.
316 1838 361 1879 ἐν
387 1837 430 1880 δὲ
457 1840 509 1893 τῇ
540 1836 876 1894 Καταχορεύσει
903 1836 924 1879 6
953 1836 1046 1883 θεὸς
1072 1837 1126 1879 τὰ
1153 1836 1342 1880 ἐπινίκια

263 1896 273 1908 ,

140 1914 325 1953 χορευει.

370 2023 380 2041 ¹
407 2022 593 2065 &Vestphal
613 2024 675 2056 -I2'2
704 2034 772 2054 mss
791 2033 903 2055 aecus.
924 2022 992 2054 and
1013 2023 1062 2054 καὶ
1082 2022 1104 2065 ᾧ
