1526 2458
572 167 719 206 LYRA
759 169 982 207 GRAECA

235 280 338 319 Plut.
367 282 437 322 Qu,
455 280 543 319 (ὐη.
560 282 583 318 3
599 294 760 331 prooem.
820 275 1060 330 Σιμωνίδης
1083 275 1103 318 ὁ
1128 277 1312 330 ποιητὴς
1334 277 1376 320 ἕν

173 352 256 375 τιιί
293 333 413 388 πότῳ
457 332 577 388 ξένον
615 334 714 376 ἰδὼν
756 333 1071 387 κατακείμενον
1113 339 1261 391 σιωπῇ
1303 337 1376 379 καὶ

171 391 320 445 μηδενὶ
353 391 658 446 διαλεγόμενον
692 392 771 434 ΑΩ
804 391 1028 446 ἄνθρωπε’
1061 391 1192 441 εἶπεν,
1219 394 1280 436 ἐἰ
1300 394 1379 448 μὲν

172 448 341 501 ἠλίθιος
384 449 434 497 εἷ,
468 450 609 504 σοφὸν
650 454 834 506 πρᾶγμα
875 453 1025 498 ποιεῖς,
1060 451 1096 492 εἰ
1138 450 1181 493 δὲ
1224 452 1376 508 σοφός,

172 506 372 560 ἠλίθιον.’

230 580 331 619 lbid.
352 581 456 620 (flor.
475 581 561 620 Ath,
579 584 602 619 3
644 574 664 617 ὁ
684 573 922 629 Σιμωνίδης
941 574 1018 628 τὴν
1033 575 1110 629 μὲν
1127 576 1378 633 ζωγραφίαν

170 634 351 685 ποίησιν
381 638 628 676 σιωπῶσαν
658 633 989 690 προσαγορεύει,
1015 633 1092 686 τὴν
1122 633 1166 676 δὲ
1196 634 1378 688 ποίησιν

173 694 428 747 ζωγραφίαν
457 696 706 735 λαλοῦσαν·
746 691 795 737 ἃς
827 691 911 747 γὰρ
941 691 981 733 οἱ
1013 693 1234 748 ζωγράφοι
1262 694 1374 765 πρά-

171 752 255 804 ξεις
292 751 346 795 ὡς
386 750 614 805 γινομένας
652 749 936 797 δεικνύουσιν,
970 749 1133 796 ταύτας
1171 751 1211 793 οἱ
1246 758 1374 807 λογοι

168 808 453 863 γεγενημένας
477 808 727 863 διηγοῦνται
751 807 824 850 καὶ
846 808 1198 863 συγγράφουσιν.

228 881 351 920 Arist.
372 895 435 931 ap,
458 881 569 921 Stob.
594 881 702 918 Anllz.
731 882 794 919 86.
816 882 866 920 25
894 879 978 932 (fr.
1001 880 1071 931 83)
1131 872 1373 930 Σιμωνίδην

169 933 214 975 δέ
241 938 382 990 φασιν
410 934 740 991 ἀποκρίνασθαι
769 934 1086 990 διερωτώμενον
1115 933 1225 980 τίνες
1257 935 1371 989 εὐγε-

168 996 266 1040 νεῖς,
290 994 389 1038 τοὺς
411 994 457 1035 ἐκ
481 995 624 1035 πάλαι
648 991 879 1035 πλουσίων
901 993 1050 1049 φάναι.

228 1057 350 1096 Mieh.
381 1057 496 1096 Pseu.
523 1071 571 1094 π.
593 1051 758 1107 Ἐνεργ.
792 1054 924 1103 Δαιμ.
959 1057 1032 1094 821
1069 1056 1209 1105 Migne

166 1110 280 1151 κατὰ
328 1110 404 1152 τὸν
448 1108 691 1165 Σιμωνίδην
733 1108 752 1150 ὁ
795 1109 926 1163 λόγος
969 1114 1053 1152 τῶν
1096 1111 1371 1166 πραγμάτων

193 1169 201 1181 Ἴ
255 1167 263 1180 Ι
324 1169 333 1181 5

165 1186 291 1210 εικων
314 1187 423 1211 εστι.

224 1241 392 1278 Aristid.
435 1254 480 1278 π.
526 1233 912 1289 Παραφθέγματος
955 1241 990 1280 2.
1026 1242 1104 1279 513
1165 1234 1232 1290 [π.
1276 1234 1369 1277 ἐπι-

164 1295 434 1349 γραμμάτων
453 1293 518 1336 ὅτι
541 1293 587 1335 αἶ
608 1291 759 1338 πόλεις
782 1293 913 1334 αὐταὶ
934 1294 1088 1340 ἑαυτὰς
1111 1295 1368 1336 ἐπαινοῦσιν

164 1353 481 1409 ἐπιγράφοντες
528 1350 676 1405 αὐτά]·
735 1350 849 1392 ὥστε
897 1350 987 1407 ὥρα
1032 1371 1102 1394 σοι
1145 1351 1368 1393 σκώπτειν

164 1411 339 1459 αὐτούς,
384 1412 437 1456 ὡς
489 1408 742 1465 ἀδολέσχαις
791 1408 911 1454 τινὰς
960 1410 1133 1464 νεκροὺς
1173 1409 1249 1451 καὶ
1289 1409 1368 1451 οὐκ

162 1468 329 1514 εἰδότας
354 1467 548 1523 ἡσυχίαν
574 1467 706 1521 ἄγειν,
731 1466 847 1523 κᾷτά
878 1485 928 1509 σε
957 1468 1065 1524 ἀνὴρ
1093 1466 1367 1521 Σιμωνίδειος

163 1526 405 1582 ἀμείψεται
429 1525 698 1580 ε”Ωνθρωπε,
723 1528 865 1567 κεῖσαι
894 1528 974 1578 ζῶν
997 1527 1059 1569 ἔτι
1083 1529 1259 1581 μᾶλλον
1281 1527 1368 1567 τῶν

163 1585 248 1627 ὑπὸ
270 1589 349 1639 γῆς
373 1582 571 1628 ἐκείνων.’

220 1657 375 1696 Theon.
398 1658 512 1706 Prog.
538 1658 571 1695 1.
595 1657 671 1693 215
696 1655 804 1691 Walz
859 1683 866 1691 .
902 1683 910 1692 .
946 1684 954 1693 .
988 1652 1227 1706 βλαβερῶς
1251 1667 1363 1705 παρ-

162 1714 274 1753 αινεῖ
295 1709 535 1765 ...ιιμωνίδης
558 1709 726 1761 παίζειν
749 1709 792 1750 ἐν
815 1712 874 1764 τῷ
895 1708 982 1765 βίῳ
1005 1709 1079 1752 καὶ
1105 1708 1205 1763 περὶ
1232 1708 1366 1762 μηδὲν

161 1769 316 1814 ἁπλῶς
338 1768 615 1821 σπουδάζειν.

220 1842 342 1880 Arist.
378 1840 490 1891 Phys.
532 1840 638 1876 Auso.
677 1839 793 1878 2221>
837 1840 882 1877 17
945 1833 990 1875 ἐν
1031 1832 1075 1874 δὲ
1115 1836 1175 1888 τῷ
1217 1831 1362 1889 χρόνῳ

162 1894 309 1936 πάντα
357 1894 525 1949 γίνεται
571 1893 644 1935 καὶ
694 1891 932 1947 φθείρεται·
985 1890 1050 1933 διὸ
1092 1891 1166 1932 καὶ
1207 1891 1246 1932 οἱ
1286 1890 1363 1944 μὲν

161 1952 427 2008 σοφώτατον
475 1952 643 2005 ἔλεγον,
686 1950 706 1993 ὁ
756 1950 799 1991 δὲ
852 1948 1150 2004 Πυθαγόρειος
1199 1948 1363 2004 Πάρων

161 2010 483 2063 ἀμαθέστατον,
517 2010 584 2051 ὅτι
617 2009 688 2050 καὶ
726 2008 1097 2050 ἐπιλανθάνονται
1130 2007 1175 2048 ἐν
1205 2005 1360 2062 τούτῳ,

159 2068 301 2122 λέγων
323 2067 564 2124 ὀρθότερον.

163 2137 238 2184 258
