1511 2458
548 133 693 171 LYRA
735 134 958 170 GRAECA

211 237 255 281 ὃς
277 236 480 292 Χαρίτων
502 237 708 280 πνείοντα
729 237 842 289 μέλη
859 236 1067 280 πνείοντα
1085 237 1120 279 δ’
1138 236 1353 292 Ἐρώτων,

268 295 341 337 τὸν
362 295 537 379 γΙλυκὺν
552 297 593 341 ἐς
615 295 827 338 παίδων”
809 314 952 352 ιμερον
974 294 1215 351 ἡρμόσατο.

209 354 396 407 μοῦνον1
435 353 466 395 δ’
500 353 560 398 εἰν
595 353 825 412 Ἀχέροντι
866 353 1124 410 βαρύνεται,
1163 354 1247 410 οὐχ
1288 352 1354 396 ὅτι

326 413 494 455 λειπων

266 470 413 522 ἠέλιον
436 470 584 524 Ληθης
607 470 749 513 ἐνθάδ’
773 471 928 525 ἕκυρσε
952 469 1107 524 δόμων,

208 528 313 570 ἀλλ’
335 529 401 571 ὅτι
424 528 497 572 τὸν
519 528 730 585 χαρίεντα
753 529 845 583 μετ’
868 528 1056 582 ἠιθέοισι
1081 527 1311 589 Μεγιστεζα

266 592 341 635 καὶ
362 592 436 635 τὸν
459 591 676 647 Σμερδίεω
702 594 857 649 Θρῇκα
878 593 1066 635 λέλοιπε
1088 592 1239 635 πόθον·

207 654 384 724 μολπῇς
400 712 416 721 Α
437 649 470 692 δ’
502 652 573 726 Οού
624 651 752 704 λήθει
802 650 1102 707 μελιτερπέος,
1146 649 1249 693 ἀλλ’
1297 649 1355 692 ἔτ’

328 727 487 751 εκεινον
503 725 518 734 ··

265 768 487 823 βάρβιτον
508 767 604 809 οὐδὲ
628 767 772 810 θανὼν
793 768 974 810 εὔνασεν
997 768 1059 810 εἰν
1081 766 1220 822 Ἀΐδῃ.

210 848 321 884 Him
348 846 410 883 Or.
430 848 474 885 19
497 846 675 883 Schenkl
694 846 853 883 Hermes
877 847 971 885 1911
996 859 1033 896 p.
1056 848 1130 885 416
1182 841 1357 899 Σαπφὼ

151 902 225 944 καὶ
246 900 496 956 Ἀνακρέων
519 900 671 956 ὥσπερ
693 919 734 943 τι
757 899 986 955 προοίμιον
1003 902 1088 943 τῶν
1109 904 1256 955 μελῶν
1279 900 1357 954 τὴν

155 960 325 1013 Κύπριν
347 961 623 1010 αναβοῶντες
646 959 696 1001 οὐ
718 959 950 1001 παύονται.

213 1039 311 1076 [bid
348 1040 410 1078 29.
447 1040 470 1076 3
540 1038 696 1088 κοσμεῖ
737 1034 815 1088 μὲν
856 1033 941 1090 γὰρ
984 1033 1237 1090 Ἀνακρέων
1280 1033 1358 1087 τὴν

150 1095 291 1146 Τηίων
338 1092 473 1135 πόλιν
522 1096 611 1138 τοῖς
659 1092 816 1146 μέλεσι
866 1092 1068 1135 κάκεῖθεν
1117 1092 1214 1147 ἄγει
1259 1092 1359 1138 τοὺς

152 1152 329 1207 ἔρωτας.

210 1226 304 1263 Ath.
340 1227 399 1265 15.
429 1226 537 1264 6943
569 1221 636 1275 [π.
672 1221 944 1276 σκολιων]·.
981 1253 988 1262 .
1024 1254 1032 1262 .
1069 1222 1123 1267 ὡς
1155 1219 1358 1277 Ἀριστο-

152 1282 291 1337 φάνης
323 1297 598 1332 παριστησιν
627 1281 670 1322 ἐν
699 1254 1002 1322 Δαιταλεῦσιν
1035 1279 1177 1333 λέγων
1203 1279 1354 1324 οὕτως·

178 1342 321 1380 'Aaou
373 1337 425 1391 δη
475 1355 549 1391 μοι
600 1336 784 1380 σκόλιόν
837 1356 878 1380 τι
930 1337 1091 1389 λαβὼν
1141 1336 1358 1380 Ἀλκαίου

153 1417 177 1439 κ
183 1396 523 1453 Ἀνακρέοντος.

213 1477 619 1516 422tl1.1’al.4.1.35
682 1471 949 1527 Μελεάγρου
971 1469 1206 1527 Στέφανος·

211 1551 255 1592 ἐν
298 1548 332 1590 δ’
376 1547 441 1605 ἄρ’
478 1545 808 1604 Ἀνακρείοντα,
850 1545 899 1587 τὸ
940 1545 1019 1598 μὲν
1060 1545 1204 1600 γλυκὺ
1245 1548 1360 1588 κεῖνο

328 1606 552 1662 μέρισμα3

213 1665 420 1721 νέκταρος
442 1665 501 1710 εἰς
524 1664 559 1706 δ’
584 1662 761 1717 ἐλέγους
785 1661 985 1717 ἄσπορον
1007 1661 1222 1716 ἀνθέμιον.

217 1744 316 1780 Ibid
349 1746 382 1781 9.
415 1745 487 1783 239
552 1737 826 1795 Κριναγόρου
869 1737 927 1783 εἰς
968 1737 1140 1789 βίβλον
1176 1736 1363 1793 λυρικὴν

155 1798 163 1810 ’
172 1797 480 1854 Λνακρέοντος·

227 1867 447 1917 Βιβλων”
426 1886 451 1920 η
474 1866 666 1922 γλυκέρη
688 1867 881 1921 λυρικῶν
902 1866 946 1907 ἐν
968 1864 1116 1921 τεύχει
1137 1864 1246 1920 τῷδε

281 1925 440 1970 πεντὰς
462 1924 690 1979 ἀμιμητων
713 1923 819 1978 ἔργα
840 1923 961 1979 φέρει
982 1923 1200 1977 Χαρίτων,

336 1981 689 2039 Ἀνακρέοντος
669 2001 717 2028 ας
741 1981 761 2023 6
784 1981 912 2034 Γηϊος
934 1980 1097 2035 δόναξ4

337 2041 537 2096 ἔγιαψεν
558 2041 584 2093 ἢ
606 2040 710 2096 παρ’
733 2039 846 2082 οἶνον
869 2039 895 2092 ἢ
917 2057 998 2081 συν
1020 2038 1193 2095 ἱμέροις·

167 2115 236 2151 132
