1511 2458
552 154 699 192 LYRA
739 155 964 193 GRAECA

202 258 302 289 Eust.
331 258 413 289 1698
439 258 516 289 init.
567 258 645 298 φασὶ
674 258 707 289 δὲ
732 258 808 290 τοὺς
836 259 882 291 εἷς
909 259 1008 290 αὐτὸν
1034 258 1240 295 κατάβαντας
1272 257 1357 291 τινὲς

157 300 225 340 μέν,
247 301 289 332 ὧν
307 303 356 332 καὶ
375 302 591 342 Στησίχορος,
611 303 728 333 ἑκατὸν
745 303 835 340 εἶναι,
857 303 959 343 ἕτεροι
978 302 1011 334 δὲ
1029 304 1159 335 δώδεκα.

736 433 782 470 31

203 502 279 534 Seh.
311 502 392 534 Eur.
426 503 478 533 (Ἰν.
513 502 593 536 1287
627 501 691 543 [ἆρ’
717 504 747 534 ἐς
775 504 813 533 τὸ
838 502 961 535 κάλλος
986 504 1214 544 ἐκκεκώφωται
1238 503 1313 543 ξίφη
1325 503 1360 543 ;]·

160 546 218 585 ἆρα
244 547 288 578 εἷς
315 548 354 577 τὸ
380 548 439 583 τῆς
465 544 597 583 Ἑλένης
623 547 746 578 κάλλος
778 545 961 587 βλέψαντες
994 548 1050 579 οὐκ
1082 547 1269 588 ἐχρήσαντο
1293 550 1363 579 τοῖς

160 591 305 631 ξίφεσιν;
333 589 400 621 οἶόν
425 604 455 621 τι
480 591 530 621 καὶ
557 590 760 631 Στησίχορος
785 591 963 633 ὑπογράφει
987 592 1055 633 περὶ
1080 594 1146 623 τῶν
1168 590 1363 622 καταλεύειν

160 636 260 671 αὐτὴν
275 633 478 674 μελλόντων7
504 636 584 675 φησὶ
601 634 664 676 γὰρ
685 634 749 673 ἅμα
769 639 813 675 τῷ
838 637 899 673 τὴν
924 635 996 676 ὅφιν
1020 637 1119 673 αὐτῆς
1145 636 1223 667 ἰδεῖν
1246 635 1362 666 αὐτοὺς

160 680 286 720 ἀφεῖναι
303 679 378 710 τοὺς
396 679 504 710 λίθους
521 679 571 709 ἐπὶ
588 679 649 716 τὴν
666 680 739 718 γῆν.

612 826 661 863 32
718 825 910 875 Κέρβερος

206 895 292 927 Poll.
324 896 372 927 10.
404 896 464 926 152
510 894 699 934 ἀρύβαλλος
725 895 757 926 δὲ
787 896 836 926 ἐπὶ
860 898 919 927 τοῦ
944 894 1138 927 συσπάστου
1161 893 1367 932 βαλλαντίου

163 941 197 970 ἐν
213 939 422 980 Ἀντιφάνους
439 940 543 970 Αὑτοῦ
561 942 672 981 ἐρῶντι
689 939 740 970 καὶ
758 940 792 970 ἐν
808 944 853 979 τῷ
872 938 1079 981 Στησιχόρου
1097 940 1255 981 Κερβέρῳ.

643 1037 692 1074 33
748 1036 892 1075 Κύκνος

209 1106 286 1139 Sch.
314 1105 414 1138 Piud.
446 1107 478 1138 O.
512 1107 559 1138 10.
590 1107 629 1137 19
653 1104 769 1147 [τράπε
794 1105 828 1137 δὲ
858 1105 994 1138 Κυκνεία
1019 1104 1113 1146 μάχα
1140 1104 1191 1137 καὶ
1220 1103 1371 1146 ὑπέρβιον

166 1151 350 1192 Ἡρακλέα]
393 1151 515 1190 ἐτράπη
544 1149 577 1181 δὲ
606 1151 656 1180 καὶ
689 1150 901 1191 ὑπεχώρησεν
929 1151 963 1180 ἐν
990 1152 1029 1191 τῇ
1056 1150 1135 1191 πρὸς
1161 1150 1220 1180 τὸν
1248 1147 1372 1180 Κύκνον

166 1196 258 1237 μάχῃ
288 1197 303 1225 ὁ
330 1194 487 1234 μέγιστος
518 1195 680 1234 Ἡρακλῆς
706 1193 975 1234 παρορμήσαντος
1002 1193 1115 1235 Ἀρεος
1145 1194 1205 1224 τὸν
1232 1192 1366 1224 Κύκνον.

167 1239 356 1278 ἐμαχέσατο
380 1238 412 1269 δὲ
439 1239 600 1278 Ἡρακλῆς
625 1239 673 1269 ὅτι
699 1238 867 1277 κακόξενος
892 1237 933 1275 ἦν
958 1237 1080 1269 Κύκνος
1106 1237 1156 1268 καὶ
1186 1238 1220 1268 ἐν
1243 1237 1370 1277 παροδῷ

168 1284 225 1319 τῆς
265 1282 452 1314 Θεσσαλίας
490 1283 585 1313 οἷκῶν
622 1281 857 1322 ἀπεκαρατόμει
896 1282 973 1313 τοὺς
1010 1280 1183 1321 παριόντας
1218 1281 1294 1312 ναὸν
1325 1283 1371 1319 τῷ

168 1325 353 1357 Ἀπόλλωνι
378 1324 578 1363 βουλόμενος
610 1329 645 1358 ἐκ
676 1329 740 1356 τῶν
771 1328 925 1366 κεφαλῶν
956 1326 1175 1364 οἰκοδομῆσαι,
1204 1325 1254 1356 καὶ
1287 1325 1372 1363 αὐτῷ

168 1370 313 1412 παριόντι
350 1371 581 1405 ἐπιβουλεῦσαι
615 1368 767 1407 ἠθέλησε.
828 1370 1000 1407 συστάσης
1039 1369 1094 1401 οὖν
1124 1370 1233 1400 αὐτοῖς
1262 1367 1374 1408 μάχης

170 1414 391 1455 ἐφυγάδευσεν
420 1416 592 1454 Ἡρακλῆς,
621 1414 896 1453 συμβαλλομένου
918 1412 1032 1456 ’Ἄρεος
1059 1415 1106 1454 τῷ
1132 1413 1218 1444 παιδὶ
1247 1412 1368 1452 Κύκνῳ.

170 1460 246 1490 ἀλλ’
279 1460 416 1499 ὕστερον
446 1459 610 1499 Ἡρακλῆς
638 1458 688 1489 καὶ
716 1459 833 1489 τοῦτον
864 1457 1042 1490 ἀπέκτεινε.
1105 1457 1309 1498 Στησίχορος
1340 1457 1375 1486 ἐν

177 1506 302 1542 <τῷ>
325 1503 568 1543 ἐπιγραφομένῳ
588 1501 697 1542 Κύκνῳ
714 1503 848 1543 ἱστορεῖ.

652 1678 701 1716 34
758 1676 905 1715 Νόστοι

220 1747 322 1780 Paus.
362 1750 411 1780 10.
444 1748 495 1780 26.
535 1750 547 1779 l
599 1749 645 1788 [π.
682 1749 741 1786 τὴν
773 1749 807 1778 ἐν
837 1745 949 1789 λέσχῃ
981 1748 1122 1787 Δελφῶν
1152 1745 1284 1786 γραφὴν
1314 1744 1376 1782 τὴν

174 1793 416 1832 Πολυγνώτου]’
447 1792 598 1824 ὡσαύτως
625 1792 657 1823 δὲ
685 1793 734 1824 καὶ
758 1792 1001 1832 Ἀριστομάχην
1027 1789 1179 1828 ἐποίησεν
1203 1790 1233 1828 (ὁ
1258 1788 1374 1826 Στησί-

175 1839 285 1877 χορος)
311 1837 345 1867 ἐν
368 1836 508 1868 Νόστοις
533 1834 691 1877 θυγατέρα
721 1835 780 1876 μὲν
804 1835 944 1877 Πριάμου
972 1833 1154 1875 Κριτολάου
1180 1833 1213 1864 δὲ
1240 1834 1377 1873 ’γυναῖκα

175 1887 254 1912 εἰναι
270 1882 327 1912 τοῦ
341 1881 529 1912 Ἱκετάονος.

181 2134 229 2172 50
