1511 2458
576 139 722 177 LYRA
763 139 990 178 GRAECA

177 242 311 285 οἰκίαι
344 245 642 287 συνελθοῦσαι
674 244 732 290 εἰς
765 244 926 287 ταύτὸν
955 247 1040 288 τῶν
1062 244 1300 298 Ἀθηνησιν
1330 244 1376 286 ἐκ

176 303 263 342 τῶν
290 301 468 345 εἰκότων
498 304 672 345 καλλίω
705 303 758 345 ἂν
783 303 857 345 καὶ
889 303 1046 357 ἀμείνω
1075 320 1330 357 γεννησειαν
1352 303 1376 355 ἢ

177 360 223 413 ἐξ
255 359 312 401 ὧν
344 359 401 403 σὺ
431 361 627 415 γέγονας.
686 379 711 413 η
741 379 787 404 τε
808 361 893 417 γὰρ
915 361 1101 418 πατρώα
1127 361 1226 415 ὑμῖν
1249 360 1376 409 οἰκία,

175 436 200 470 η
235 417 420 507 Κριτίου
452 423 529 462 τοῦ
561 418 808 475 Δρωπίδου,
842 420 916 462 καὶ
951 419 1036 461 ὑπὸ
1067 418 1378 474 Ἀνακρέοντος

176 476 248 518 καὶ
276 476 361 519 ὑπὸ
382 476 581 524 Σόλωνος
610 478 684 520 καὶ
709 478 779 520 ὑπ’
803 477 957 520 ἄλλων
977 480 1162 521 πολλῶν
1183 480 1378 530 ποιητῶν

175 534 563 591 ἐγκεκωμιασμένη
587 535 885 593 παραδέδοται
907 538 1007 590 ἡμῖν
1025 538 1080 581 ὡς
1101 535 1375 592 διαφέρουσα

174 593 334 636 κάλλει
383 612 429 636 τε
477 594 549 637 καὶ
597 595 729 650 ἀρετῇ
773 594 847 636 καὶ
894 598 946 648 τῇ
996 593 1116 650 ἄλλῃ
1160 593 1374 649 λεγομένῃ

173 650 441 711 εὐδαιμονία,
464 653 540 695 καὶ
563 653 619 695 αὖ
640 656 665 705 ἡ
690 652 798 707 πρὸς
817 652 981 709 μητρὸς
1003 651 1212 698 ὡσαύτως
1246 685 1254 694 .
1289 685 1297 694 .
1332 684 1341 694 .

232 729 322 767 Sch.
356 731 500 768 Aesch.
532 731 630 768 P..V
666 732 738 769 128
800 760 807 769 .
845 760 852 769 .
887 760 895 769 .
929 727 1179 781 επεδημησε
1215 725 1302 782 γὰρ
1333 725 1374 780 (ὁ

171 782 440 840 Ἀνακρέων)
463 789 515 841 τῇ
536 784 719 839 Ἀττικῇ
752 785 933 841 Κριτίου
963 788 1083 842 ἐρῶν,
1109 786 1182 829 καὶ
1210 785 1375 841 ᾗρέσθη

172 841 277 885 λίαν
297 846 387 890 τοῖς
406 843 563 898 μέλεσι
584 847 661 886 τοῦ
684 847 908 899 τραγικοῦ.

233 922 343 958 Him.
370 922 433 960 Or.
456 924 517 963 22.
538 925 561 962 5
614 919 781 975 ἡρμοσε
802 919 880 974 μὲν
902 920 975 962 καὶ
997 918 1244 976 Ἀνακρέων
1265 917 1376 973 μετὰ

174 994 251 1028 την
292 975 424 1019 νόσον
465 976 542 1030 τὴν
575 977 730 1034 λύραν,
763 978 838 1021 καὶ
879 996 978 1024 τους
1019 977 1176 1035 φίλους
1213 977 1375 1033 ἔρωτας

162 1034 297 1080 ἀυθις
319 1034 389 1077 διὰ
410 1035 570 1089 μέλους
592 1037 818 1090 ἠσπάζετο
852 1070 859 1078 .
896 1070 904 1078 .
940 1070 948 1078 .

232 1114 327 1180 Ath.
363 1116 421 1154 13.
453 1115 565 1154 600d
597 1111 664 1167 [π.
698 1112 889 1169 ερωτος]·
929 1111 976 1154 ὃν
1008 1111 1028 1154 ὁ
1063 1111 1219 1182 σοφὸς
1235 1112 1377 1167 ὑμνῶν

171 1167 257 1210 αἰεί
288 1186 397 1210 ποτε
427 1169 678 1226 Ἀνακρέων
710 1170 851 1213 πᾶσίν
880 1170 1002 1213 ἐστιν
1035 1170 1105 1212 διὰ
1140 1169 1372 1224 στόματος.

172 1226 290 1326 λένέει
328 1227 402 1269 οὖν
438 1227 536 1284 περὶ
578 1228 712 1271 αὐτοῦ
750 1229 824 1271 καὶ
860 1227 880 1271 6
915 1229 1151 1285 κράτιστος
1189 1227 1372 1284 Κριτιας

171 1304 226 1327 τα
257 1302 289 1327 ε·

230 1359 305 1402 τὸν
327 1359 371 1403 δὲ
391 1361 650 1415 γυναικείων
669 1361 837 1416 μελέων
857 1361 1088 1415 πλέξαντα
1110 1361 1210 1405 ποτ’
1231 1360 1344 1418 ᾠδὰς

230 1418 334 1472 ἡδὺν
355 1418 668 1476 Ἀνακρείοντα
689 1420 803 1466 Τέως
824 1420 882 1466 εἰς
902 1419 1085 1463 εΕλλάδ’
1107 1420 1278 1474 ἀνῆγεν,

232 1476 494 1530 συμποσίων
516 1478 740 1533 ἐρέθισμα,
762 1481 981 1533 γυναικῶν
1001 1477 1304 1532 ἠπερόπευμα,

230 1536 380 1578 αὐλῶν
401 1536 663 1585 ἀντίπαλον,
680 1538 1027 1593 φιλοβάρβιτον,
1048 1536 1163 1590 ἡδύν,
1183 1536 1368 1580 ἄλυπον.

229 1593 391 1636 οὔποτέ
413 1613 495 1637 σου
518 1594 703 1651 φιλότης
724 1613 969 1650 γηρασεται
992 1595 1090 1638 οὐδὲ
1112 1595 1308 1637 θανεῖται

229 1651 318 1694 ἔστ’
342 1653 394 1695 ἂν
416 1652 529 1709 ὕδωρ
551 1655 651 1710 οίνῳ
674 1656 1048 1709 συμμειγνύμενον
1069 1653 1306 1696 κυλίκεσσι

228 1714 335 1757 παῖς
358 1697 640 1766 διαπομπεύῃ
663 1710 907 1768 προπόσεις
929 1711 1123 1766 ἐπιδέξια
1144 1714 1308 1766 νωμῶν,

227 1769 502 1827 παννυχίδας
527 1770 565 1811 θ’
587 1769 702 1825 ἱερὰς
725 1770 872 1824 θήλεις
893 1770 1020 1827 χοροὶ
1041 1769 1338 1826 ἀμφιέπωσιν,

227 1828 461 1882 πλάστιγξ
495 1828 532 1870 θ’
565 1829 591 1883 ἡ
627 1832 804 1885 χαλκοῦ
846 1829 1047 1884 θυγατηρ
1084 1827 1151 1871 ἐπ’
1187 1827 1369 1884 ἄκραισι

341 1885 496 1942 καθίζῃ

225 1944 451 1995 κοττάβου
490 1945 671 2000 ὑψηλοῦ
686 1946 698 1970 ¹
736 1948 948 2001 κορυφαῖς
990 1943 1180 2001 Βρομίου
1216 1944 1368 2000 ψακά-

341 2002 506 2045 δεσσιν.

604 2068 616 2088 ¹
641 2069 755 2102 Kaib:
782 2080 851 2101 mss
870 2071 1008 2110 ὑψηλαῖς

170 2114 243 2150 128
