1511 2458
537 128 682 168 LYRA
724 130 947 170 GRAECA

197 238 295 274 ,alsat
337 238 426 275 Par.
470 240 520 276 50
582 234 656 290 αφ’
705 236 753 277 οὗ
796 236 1030 292 Αἰσχύλος
1084 237 1104 279 ὁ
1157 238 1342 291 ποιητὴς

135 291 386 350 τραγῳδία,
373 296 547 360 πρῶτον
565 294 738 344 ἐνίκησε
760 294 835 336 καὶ
857 295 1131 350 Εὐριπίδης
1112 315 1132 338 ο
1155 314 1340 350 ποιητης

134 349 303 402 ἐγένετο
326 369 399 392 και
418 350 736 407 Στησίχορος
717 371 737 393 ο
761 352 947 406 ποιητὴς
969 353 1027 398 εἰς
1046 372 1124 407 την
1137 352 1340 398 (Ελλάδα

134 407 356 463 ἀ[φίκετ]ο
409 410 483 462 ἔτη
538 412 794 452 ΗΗΔΔΔΙΙ
855 410 1070 469 ἄρχοντος
1123 412 1339 466 Ἀθήνησι

135 466 456 520 Φιλοκράτους.

194 547 293 583 Ibid.
337 546 385 584 73
464 543 540 599 ἀφ’
584 543 633 586 οὗ
680 540 959 601 Στησίχορος
1001 544 1021 587 ὁ
1063 544 1277 600 Ιμεραῖος
1320 545 1339 589 ὁ

134 599 371 656 δεύτερος’
352 600 553 653 ενίκησεν
573 600 819 655 Ἀθήνησιν
849 603 922 645 καὶ
946 602 1121 656 οἰκίσθη
1150 606 1339 659 Μεγάλη

136 658 267 705 πόλις
303 693 310 701 .
347 694 352 701 .
390 693 396 701 .

197 739 294 778 Poll.
334 741 367 776 9.
413 740 488 777 100
522 736 588 789 [π.
623 739 700 778 τοῦ
733 735 1115 791 ἀστραγαλίζειν]·
1153 737 1227 780 καὶ
1259 737 1344 792 μὴν

135 795 209 836 καὶ
234 793 522 865 Στησίχορος
533 793 735 836 ἐκαλεῖτό
760 812 823 840 τις
856 794 978 850 παρὰ
1002 798 1091 840 τοῖς
1115 795 1342 852 ἀστρανγα-

133 851 334 904 λίζουσιν
367 851 551 909 ἀριθμὸς
589 852 633 897 ὓς
665 852 822 906 ἐδηλου
867 852 920 895 τὰ
964 853 1092 895 ὀκτώ·
1143 853 1217 896 τὸν
1257 853 1342 910 *γὰρ

134 911 178 952 ἐν
208 910 358 967 Ιμέρα
399 913 477 953 τοῦ
520 914 706 963 ποιητοῦ
742 912 883 968 τάφον
921 912 969 966 ἐξ
1005 911 1119 954 ὀκτὼ
1162 912 1340 955 πάντων

136 968 401 1019 συντεθέντα
435 969 724 1022 πεποιηκέναι
758 969 837 1024 τὴν
865 968 1031 1012 ‘Ha'vr'
1065 969 1204 1013 ὀκτώ’
1228 974 1343 1027 φασι

136 1027 389 1082 παροιμίαν.

194 1108 290 1146 Luc.
331 1108 454 1146 Macr.
499 1109 546 1146 26
609 1102 860 1159 Ἀνακρέων
904 1103 949 1145 δὲ
991 1102 1011 1145 ὁ
1065 1106 1149 1146 τῶν
1193 1106 1339 1159 μελῶν

134 1162 317 1216 ποιητὴς
361 1163 511 1216 ἔζησεν
544 1163 618 1214 ἔτη
660 1161 791 1204 πέντε
828 1162 902 1204 καὶ
941 1161 1223 1216 ὀγδοήκοντα,
1266 1162 1340 1205 καὶ

136 1219 412 1277 Στησίχορος
445 1221 490 1264 δὲ
522 1220 542 1263 ὁ
575 1220 813 1273 μελοποιὸς
845 1221 1000 1262 ταύτά.

192 1301 305 1339 Suid.
369 1296 654 1351 ἐπιτήδευμα·
689 1295 893 1349 ἄσκησις,
910 1295 1115 1350 μάθησις.
1169 1294 1340 1341 Ἱκανὸς

133 1354 464 1410 ὅνομα,λῃστὴς
483 1354 530 1397 τὸ
550 1354 833 1408 ἐπιτήδευμα·
859 1354 903 1399 ὃς
917 1354 1089 1396 ἀνεῖλεν
1104 1353 1341 1410 Αἰσχύλον

137 1413 210 1456 τὸν
234 1413 432 1467 αὐλητὴν
454 1414 529 1456 καὶ
551 1412 831 1470 Στησίχορον
853 1412 927 1454 τὸν
950 1411 1208 1468 κιθαρῳδόν.

196 1495 310 1532 Phot.
377 1508 523 1532 παιτα
555 1490 683 1530 ὅκτω·
718 1507 751 1530 οι
787 1487 865 1542 μὲν
896 1484 1174 1543 Στησίχορόν
1199 1491 1338 1543 φασιν

135 1549 178 1589 ἐν
214 1549 396 1603 Κατανῃ
440 1551 635 1603 ταφηναι
673 1548 934 1591 πολυτελῶς
971 1545 1080 1602 πρὸς
1124 1548 1218 1591 ταῖς
1261 1546 1339 1587 ἀπ

135 1608 272 1649 αὐτοῦ
303 1605 638 1662 Στησιχορείοις
670 1605 833 1650 πύλαις
859 1603 1131 1658 λενγομεναις·
1163 1604 1238 1647 καὶ
1264 1607 1340 1646 τοῦ

134 1665 344 1720 μνημείου
377 1681 556 1721 εχοντος
585 1663 698 1705 ὀκτὼ
725 1663 871 1708 κίονας
903 1662 977 1705 καὶ
1002 1661 1114 1704 ὀκτὼ
1135 1661 1339 1717 βαθμους

135 1725 210 1767 καὶ
233 1723 348 1766 ὀκτὼ
368 1722 544 1777 γωνίας·
578 1740 618 1764 οι
612 1721 722 1764 Ῥ’δὲ
699 1740 765 1764 οτι
787 1721 980 1774 Ἀλητης
1004 1719 1118 1763 κατὰ
1135 1721 1339 1777 χρησμὸν

135 1783 234 1828 τοὺς
263 1780 518 1837 Κορινθίους
542 1780 843 1832 συνοικίζων
826 1779 939 1822 οκτὼ
962 1779 1108 1835 φύλας
1131 1778 1337 1831 ἐποίησεν

137 1841 235 1887 τοὺς
259 1839 447 1885 πολίτας
469 1840 542 1881 καὶ
567 1839 784 1895 ὀκταμερῆ
807 1856 884 1891 την
906 1837 1052 1880 πόλιν.

193 1921 305 1959 Suid.
337 1914 627 1971 Στησίχορος·
665 1912 944 1985 Εὐφόρβουὴ
963 1911 1189 1966 Εὐφημου·
1221 1913 1274 1958 ὡς
1293 1911 1337 1954 δε

137 1975 286 2022 ἄλλοι,
314 1972 553 2016 Εὐκλείδου
588 1991 613 2025 η
643 1971 817 2018 ’Τέτους
850 1992 876 2025 η
902 1970 1127 2013 ‘Houssb‘ov-
1168 1970 1337 2016 πόλεως

134 2122 183 2146 20
