1526 2458
610 207 757 245 LYRA
797 207 1021 245 GRAECA

789 312 839 350 72

258 382 343 413 Ath.
366 383 415 413 13.
437 383 525 414 603f
546 382 592 422 [π.
622 382 767 425 {pum-05}
788 405 794 412 .
821 406 828 413 .
853 407 859 412 .
887 381 976 414 εἶπεν
1000 384 1029 422 (ὁ
1054 384 1228 423 Σοφοκλῆς
1252 383 1334 414 κατὰ
1357 383 1416 415 τὸν

208 426 315 465 Ἴωνα)
333 428 412 466 πρὸς
433 427 492 458 τὸν
515 426 826 467 συγκατακείμενον·
856 427 928 459 “m
953 429 1059 458 καλῶς
1083 426 1240 469 Φρύνιχος
1263 427 1416 464 ἐποίησεν

215 472 316 503 εἴπας·
353 470 510 510 “Adparet
527 473 553 502 δ’
567 471 617 502 ἐπὶ
635 468 826 511 πορφυρέαις
843 473 963 513 παρῇσι
980 474 1047 511 φῶς
1064 470 1189 512 ἔρωτος.
1199 473 1215 484 '³
1227 473 1235 485 ²
1267 470 1319 502 καὶ
1335 472 1413 512 πρὸς

213 515 287 546 τόδε
304 515 446 554 ἠμείφθη
463 517 478 546 ὃ
496 514 673 556 Ἐρετριεὺς
691 516 709 551 ἢ
728 514 906 554 ’Ἐρυθραῖος
918 514 1116 556 γραμμάτων
1134 516 1194 546 ἐὼν
1205 514 1413 548 διδάσκαλος·

217 562 223 573 ⁵
237 560 343 599 Σοφὺς
366 557 425 598 μὲν
442 559 479 596 δὴ
497 559 538 590 σύ
555 571 593 599 ’γε
611 559 649 596 εἶ,
670 559 692 590 ὦ
710 556 898 599 Σοφόκλεις,
923 560 957 590 ἐν
975 559 1117 596 ποιήσει·
1144 559 1227 598 ὅμως
1245 559 1356 599 μέντοι
1374 571 1414 599 ’γε

213 603 270 634 οὐκ
287 602 321 633 εὖ
343 605 449 644 εἴρηκε
472 602 629 643 Φρύνιχος
655 603 837 645 πορφυρέας
859 603 957 634 εἰπὼν
979 605 1037 635 τὰς
1061 602 1199 643 ’γνάθους
1221 605 1280 635 τοῦ
1296 605 1409 635 καλοῦ.

213 648 241 678 εἷ
270 648 332 688 ’γὰρ
364 650 380 678 ὁ
411 646 579 688 ζωγράφος
616 648 764 688 χρώματι
795 647 963 688 πορφυρέῳ
1003 647 1186 688 ἐναλείψειε
1208 647 1313 679 ’τουδὶ
1351 648 1412 678 τοῦ

211 693 322 723 παιδὸς
346 693 406 723 τὰς
427 690 576 731 γνάθους,
597 692 653 723 οὐκ
677 692 716 722 ἂν
739 691 787 722 ἔτι
811 692 912 723 καλὸς
936 690 1097 732 φαίνοιτο·
1123 691 1158 723 οὐ
1183 690 1284 732 κάρτα
1311 691 1350 729 δὴ
1373 691 1412 722 τὸ

211 736 315 767 καλὸν
335 739 380 775 τῷ
405 736 449 774 μὴ
471 739 560 775 καλῷ
587 735 768 776 φαινομένῳ
792 735 930 775 εἰκάζειν
953 735 1022 767 δεΐ.’
1069 733 1220 776 ’γελάσας
1243 736 1268 767 δ’
1291 734 1341 766 ἐπὶ
1363 736 1413 774 τῷ

211 782 366 821 Ἐρετριεῖ
395 781 581 821 Σοφοκλῆς·
630 779 714 811 Οὐδὲ
746 778 822 812 τόδε
853 792 905 811 σοι
937 779 1068 821 ἀρέσκει
1099 779 1169 819 ἄρα,
1203 779 1226 810 ὦ
1260 777 1340 820 ξένε,
1374 779 1414 810 τὸ

210 824 424 864 Σιμωνίδειον,
453 823 555 865 κάρτα
578 823 690 855 δοκέον
713 826 782 856 τοῖς
801 823 966 862 (Ἕλλησιν
990 823 1025 854 εἶ’]
1049 823 1209 865 εἰρῆσθαι·

431 920 436 926 .
797 882 1046 940 πορφυρέου

354 943 442 985 ἀπὸ
467 943 688 997 στόματος
710 943 827 985 ἱεῖσα
849 941 998 999 φωνὰς
1020 941 1237 998 παρθένος

788 1071 839 1109 73

251 1141 344 1217 ΕῌΠδ,
370 1141 443 1174 813.
476 1142 495 1173 8
541 1142 687 1184 χλωρηῒς
719 1141 834 1179 ἀηδών·
872 1141 934 1172 ἀπὸ
965 1142 1024 1173 τοῦ
1055 1140 1227 1182 χρώματος
1252 1165 1258 1171 .
1289 1166 1294 1171 .
1326 1167 1333 1174 .
1360 1140 1412 1172 καὶ

209 1185 325 1225 Σιμωνί
346 1198 394 1223 ης·

499 1245 586 1288 εὖτ’
608 1244 786 1299 ἀηδόνες
808 1243 1112 1288 πολυκώτιλοι

498 1304 808 1362 χλωραύχενες
831 1303 1016 1360 εἶαριναί

787 1414 839 1452 74

251 1484 329 1517 Sch.
351 1485 413 1517 Ar.
431 1484 494 1516 ΑΓ.
518 1485 600 1516 1410
622 1484 757 1524 [ὄρνιθες
779 1483 865 1515 τίνες
891 1485 949 1515 οἵδ’
974 1485 1097 1524 κ.τ.λ.]
1121 1509 1127 1515 .
1156 1508 1163 1515 .
1193 1507 1200 1514 .
1225 1482 1312 1516 τινὲς
1328 1483 1412 1526 παρὰ

208 1530 247 1560 τὸ
265 1529 419 1560 Ἀλκαίου
437 1529 502 1569 (fr.
526 1529 600 1567 141)
619 1529 670 1560 καὶ
688 1529 773 1570 παρὰ
788 1529 828 1560 τὸ
845 1527 1029 1568 Σιμωνίδου·

437 1587 631 1643 ’Άνγνγελε
651 1587 795 1630 κλυτὰ
818 1588 943 1645 ἔαρος
967 1587 1197 1643 ἁδυόδμου,

443 1646 604 1689 κυανέα
625 1646 801 1704 χελιδοῖ

788 1758 837 1796 75

253 1828 330 1860 Sch.
364 1827 464 1859 Pind.
501 1829 534 1860 O.
565 1827 594 1859 9.
621 1827 662 1861 74
693 1828 787 1866 [α’ίνει
819 1827 852 1858 δὲ
881 1829 1020 1859 παλαιὸν
1046 1825 1106 1866 μὲν
1131 1825 1226 1865 οἶνον,
1260 1825 1356 1857 ἄνθεα
1384 1827 1411 1856 δ’

212 1875 316 1913 ὕμνων
351 1874 355 1914 l
390 1872 578 1913 νεωτέρων]·
598 1896 604 1902 .
635 1895 641 1902 .
669 1895 675 1901 .
701 1874 790 1903 δοκεῖ
826 1871 859 1903 δὲ
891 1874 991 1903 τοῦτο
1022 1871 1102 1912 πρὸς
1130 1871 1171 1902 τὸ
1209 1869 1411 1910 Σιμωνίδειον

209 1918 365 1958 εἰρῆσθαι·
394 1917 461 1948 ἐπεὶ
486 1917 606 1947 ἐκεῖνος
629 1916 828 1947 ἐλασσωθεὶς
846 1916 907 1946 ὑπὸ
932 1913 1086 1955 Πινδάρου
1106 1914 1266 1955 λοιδορίας
1290 1912 1411 1955 ἔγραψε

209 1962 291 1992 κατὰ
312 1962 370 1992 τοῦ
394 1958 526 2003 <κ“ιτοῦ
549 1958 846 2003 κατα>κρίναντος1
866 1959 994 2000 ἀγαθῶν
1013 1956 1134 1990 εἰδῶν·2
1157 1958 1266 1996 ἐπειδὴ
1291 1958 1412 1989 ἐκεῖνος

208 2011 307 2036 εἰπεν·

598 2097 608 2117 1
633 2099 666 2129 Ε
796 2097 807 2116 ²
833 2109 901 2130 mss
917 2097 1020 2130 εἰδέον

211 2182 287 2219 324
