1526 2458
610 179 755 216 LYRA
797 180 1019 217 GRAECA

209 284 261 325 ‘Il
292 285 542 339 Καμβύσου
572 285 645 326 καὶ
675 285 861 358 Δαρείου
888 285 1122 335 Βασιλεία,
1145 286 1218 328 καὶ
1245 286 1413 341 Ξέρξου

211 341 472 399 Ναυμαχία,
515 344 588 385 καὶ
630 342 683 384 ‘H
734 343 801 385 ἐπ’
843 342 1110 399 Ἀρτεμισίῳ
1153 344 1412 402 Ναυμαχια,

212 401 263 443 δι’
297 400 504 455 ἐλεγείας
548 421 570 454 η
598 401 632 442 δ’
665 403 708 443 ἐν
740 401 957 456 Σαλαμῖνι
991 405 1196 454 μελικῶς·
1236 404 1413 458 Θρῆνοι,

209 459 447 513 Ἐγκώμια,
480 459 840 516 Ἐπιγραμματα,
878 463 1081 509 Παιᾶνες,
1118 478 1193 502 και
1233 463 1411 517 Τραγῳ-

211 517 313 566 διαι,
346 517 420 559 καὶ
452 516 587 560 ἄλλα.
650 518 775 564 οὗτος
814 517 833 560 ὁ
877 518 1117 573 Σιμωνίδης
1151 519 1413 573 μνημονικός

211 594 274 621 τις
296 575 346 627 ὴν
368 576 488 628 εἰπερ
511 593 575 621 τις
598 575 736 622 ἄλλος
771 611 777 617 .
814 609 821 617 .
857 610 865 618 .

275 650 344 687 Vil.
368 650 496 687 Aeseh.
522 650 628 701 Riog.
654 651 720 688 Gr.
747 653 820 689 115)
885 679 892 689 .
931 680 937 687 .
973 679 981 687 .
1016 645 1129 688 κατὰ
1153 645 1187 687 δ’
1210 645 1344 692 ἐνίους
1370 648 1414 689 ἐν

211 708 270 759 τῷ
314 705 370 749 εἷς
413 704 511 749 τοὺς
553 706 595 746 ἐν
639 706 886 759 Μαραθωνι
929 704 1193 756 τεθνηότας
1235 703 1414 760 ἐλεγείῳ

210 762 421 816 ἡσσηθεὶς
458 761 674 817 Σιμωνίδῃ
712 763 753 816 (ὁ
792 762 1058 819 Αἰσχύλος).
1120 762 1168 805 τὸ
1202 761 1286 818 γὰρ
1322 763 1412 805 ε’λε-

209 824 325 875 γεῖον
359 821 478 863 πολὺ
515 839 590 873 της
633 822 733 875 περὶ
774 820 823 863 τὸ
865 820 1098 875 συμπαθὲς
1138 819 1412 873 λεπτότητος

208 878 409 950 μετέχειν
431 878 602 928 θέλει,
586 898 606 921 ο
631 882 706 921 τοῦ
731 878 982 936 Αἰσχύλου,
1008 880 1062 924 ὡς
1090 878 1266 935 ἔφαμεν,
1290 879 1412 922 ἐστὶν

209 936 461 993 ἀλλότριον.

265 1005 330 1041 Ar.
354 1005 422 1041 Aul
446 1006 548 1044 919:

447 1066 456 1080 Ι
665 1065 674 1078 Ι
733 1065 742 1078 ἳ
776 1067 785 1080 9
863 1065 873 1079 λ
1286 1064 1296 1079 Ι

267 1068 368 1108 ΠΟ.
403 1073 515 1120 μελη
537 1084 729 1117 πεποιηκ
765 1084 806 1110 ες
828 1084 905 1108 τας
928 1068 1347 1120 Νεφελοκοκκυγιας

269 1124 346 1170 τὰς
371 1124 574 1178 ὑμετέρας
598 1124 761 1166 κύκλιά
783 1142 829 1165 τε
851 1123 1004 1166 πολλὰ
1026 1123 1102 1165 καὶ
1124 1122 1246 1165 καλὰ,

269 1183 342 1225 καὶ
363 1182 602 1238 παρθένεια
625 1182 697 1224 καὶ
721 1182 834 1224 κατὰ
857 1181 911 1223 τὰ
935 1181 1189 1236 Σιμωνίδου.

265 1253 324 1289 Id.
354 1253 459 1303 l'e-vp.
487 1254 601 1291 1410.

268 1318 326 1358 ld.
350 1318 440 1357 Pan:
468 1320 544 1357 (395

261 1381 346 1421 ΕΡ.
382 1382 556 1434 πρῶτον
579 1378 613 1420 δ’
631 1379 654 1421 ὅ
677 1398 717 1421 τι
740 1380 925 1435 πράττει
946 1378 1199 1435 Σοφοκλέης
1217 1377 1413 1432 ἀνήρετο.

268 1440 349 1479 ΓΡ.
383 1437 640 1491 ευδαιμονεῖ·
674 1438 845 1494 πάσχει
869 1436 911 1478 δὲ
935 1436 1206 1487 θαυμαστόν·

270 1498 356 1537 EP.
1173 1493 1222 1537 τὸ
1245 1493 1317 1536 τί·
1304 1528 1314 1544 ,

270 1556 354 1596 ΤΡ.
387 1554 434 1596 ἐκ
458 1557 535 1596 τοῦ
556 1553 838 1610 Σοφοκλέους
859 1553 1057 1608 γίγνεται
1081 1549 1334 1607 Σιμωνίδης.

272 1614 356 1655 EP.
391 1611 663 1664 Σιμωνίδης;
697 1615 821 1659 πῶς,·

270 1672 355 1712 ΤΡ.
760 1670 827 1712 ὅτι
849 1669 987 1724 γέρων
1010 1669 1067 1711 ὢν
1087 1669 1161 1711 καὶ
1182 1668 1357 1725 σαπρὸς

391 1727 568 1783 κέρδους
590 1728 712 1770 ἕκατι
734 1728 815 1770 κᾶν
837 1729 907 1771 ἐπὶ
930 1727 1057 1784 ῥιπὸς
1080 1727 1220 1770 πλέοι.

269 1802 360 1839 sch.
393 1803 442 1839 acl
472 1803 535 1839 loc.
599 1794 841 1851 Σιμωνίδης
873 1797 991 1839 δοκεῖ
1025 1799 1197 1853 πρῶτος
1234 1813 1413 1850 σμικρο-

210 1858 368 1927 λογίαν
410 1856 670 1910 εἰσενεγκεῖν
711 1856 769 1901 εἷς
811 1855 865 1897 τὰ,
903 1854 1084 1912 (ἵσματα
1125 1854 1198 1896 καὶ
1235 1854 1414 1909 γράψαι

212 1932 334 1967 ιισμα
376 1915 553 1968 μισθοῦ·
610 1916 738 1955 τοῦτο
782 1913 826 1956 δὲ
867 1913 938 1955 καὶ
984 1912 1199 1968 Πίνδαρος
1239 1914 1284 1955 ἐν
1323 1915 1413 1956 τοῖς

208 1972 523 2025 Ἰσθμιοιίκαις
565 1973 733 2025 (2.10)
774 1972 911 2027 φησιν
957 1970 1264 2024 αἰνιττόμενος·
1329 1968 1412 2010 “A

213 2032 368 2071 Μοῖσα
418 2029 503 2084 γὰρ
555 2031 603 2071 οὐ
650 2029 912 2085 φιλοκερδης
964 2048 1032 2073 πω
1085 2028 1173 2071 τότ’
1223 2028 1276 2081 ἠν
1326 2026 1413 2070 οὐδ’

211 2089 384 2143 ἐργατις
419 2123 424 2129 .
461 2122 468 2130 .

215 2166 292 2204 250
