1511 2458
548 152 695 189 LYRA
736 152 959 189 GRAECA

727 259 776 297 24

193 319 294 352 Paus.
319 322 366 352 10.
387 322 437 352 2⁸.
460 322 479 352 2
503 322 548 360 [π.
571 322 631 359 τὴν
652 322 685 352 ἐν
709 321 819 364 λέσχῃ
845 325 987 362 Δελφῶν
1010 322 1140 362 ’γραφὴν
1163 321 1223 359 τὴν
1248 327 1348 353 Πολυ-

146 365 297 404 γνώτου]
339 366 382 396 εἷς
400 364 432 396 δὲ
451 365 591 403 Ἑκάβην
609 365 811 407 Στησίχορ)ς
835 368 868 397 ἐν
885 366 983 397 Ἰλίου
1002 365 1131 407 Περσίδι
1150 365 1301 403 ἐποίησεν
1318 367 1350 397 ἐς

146 408 265 440 Λυκίαν
283 410 343 440 ὑπὸ
360 408 568 441 ’Λπόλλωνος
584 412 685 448 αὐτὴν
701 413 899 449 κομισθῆναι.

724 515 773 554 25

190 579 245 611 ΤΖ.
267 579 347 622 Lye.
369 581 433 612 ’266
481 580 683 620 Στησίχορος
700 581 762 622 ’γὰρ
780 582 829 612 καὶ
849 580 1011 621 Εὐφορίων
1033 583 1082 610 καὶ
1101 577 1311 621 Ἀλέξανδρις
1333 582 1348 611 ὁ

147 624 295 656 Αἰτωλὸς
311 625 440 662 ποιηταί
457 632 536 665 φασι
554 626 611 656 τὸν
622 624 763 667 ’Ἕκτορα
780 626 847 656 υἱὸν
864 626 942 656 εἶναι
960 625 1018 656 τοῦ
1035 623 1252 656 Ἀπόλλωνος.

724 713 772 751 26

190 775 267 807 Seh.
286 775 367 807 Eur.
383 777 413 807 Α
422 778 493 808 ndr.
513 777 551 808 10
575 774 743 818 [ῥιφθέντα
759 776 890 817 πύργων
906 774 1120 808 Ἀστυάνακτ’
1138 776 1191 808 ἀπ’
1208 776 1345 816 ὀρθίων]-

218 844 224 852 .
254 820 458 861 Στησίχορον
496 819 606 859 μέντοι
640 821 808 862 ἱστορεῖν1
841 821 889 852 ὅτι
922 821 1070 858 τεθνήκοι
1106 822 1155 852 καὶ
1195 821 1254 851 τὸν
1287 821 1348 857 τὴν

146 866 287 905 Περσίδα
318 865 549 905 συντεταχότα
576 890 582 897 .
611 890 617 897 .
648 889 655 897 .
686 865 836 903 ποιητήν,
868 866 917 896 ὅτι
950 866 1000 896 καὶ
1032 865 1094 896 ἀπὸ
1126 867 1185 896 τοῦ
1215 863 1347 904 τείχους

143 910 258 949 ῥιφείη-

722 973 770 1012 27

188 1038 289 1069 Paus.
313 1038 363 1069 10.
381 1038 432 1070 26.
458 1040 471 1070 l
505 1040 550 1079 [π.
571 1040 630 1070 τοῦ
654 1040 778 1078 abrosa]-
808 1037 978 1078 Κλυμένην
996 1039 1055 1078 μὲν
1071 1038 1127 1070 οὖν
1146 1037 1347 1078 Στησίχορος

145 1083 178 1113 ἐν
195 1082 293 1114 Ἰλίου
312 1083 442 1124 Περσίδι
459 1084 636 1124 κατηρίθμη
646 1096 694 1115 (εν
711 1085 744 1115 ἐν
760 1086 832 1114 ταῖς
850 1084 1080 1124 αἰχμαλώτοις.

720 1180 769 1218 28

189 1242 278 1275 Ibid.
297 1244 316 1274 9
337 1245 383 1283 [π.
401 1246 459 1275 τοῦ
477 1245 600 1283 αὑτοῦ]·
638 1245 671 1275 ἐν
688 1244 721 1275 δὲ
738 1246 809 1275 ταῖς
823 1243 964 1283 Πριάμου
981 1242 1157 1285 θυγατράσι
1175 1242 1344 1285 ἀριθμήσαι

143 1300 192 1319 τις
209 1288 247 1319 ἂν
263 1288 313 1319 καὶ
330 1287 452 1325 ταύτην
470 1289 667 1327 (Μέδουσαν)
686 1289 768 1319 κατὰ
783 1289 841 1319 τοῦ
859 1287 1014 1328 Ἱμεραίου
1030 1288 1090 1325 τὴν
1107 1286 1199 1328 ᾠδήν.

721 1384 768 1422 29

187 1448 357 1490 Harpocr.
418 1449 572 1480 καθελών·
674 1473 680 1480 .
710 1449 779 1480 ἀντὶ
819 1451 878 1479 τοῦ
918 1449 1042 1480 ἀνελὼν
1080 1448 1100 1486 ἢ
1139 1446 1341 1479 ἀποκτείνας·

140 1493 327 1533 ἐχρήσαντο
355 1493 388 1523 δὲ
416 1494 499 1524 οὕτω
530 1497 576 1533 τῷ
605 1492 738 1531 ὀνόματι
767 1494 817 1524 καὶ
847 1494 957 1530 ἄλλοι,
986 1494 1026 1524 ὡς
1057 1493 1107 1524 καὶ
1141 1491 1343 1532 Στησίχορος

140 1539 172 1568 ἐν
190 1537 287 1569 Ἰλίου
304 1537 434 1578 Περσίδι
451 1538 502 1568 καὶ
520 1539 692 1577 Σοφοκλῆς
709 1538 743 1568 ἐν
760 1536 905 1577 Εὐμήλῳ.

715 1650 765 1687 30

183 1715 267 1746 Ath.
292 1716 341 1746 13.
361 1716 451 1746 61οο
499 1715 554 1746 ἐὰν
570 1712 629 1753 μὲν
643 1714 692 1746 τίς
710 1726 769 1745 σου
791 1713 928 1750 πύθηται
949 1712 1035 1744 τίνες
1057 1712 1142 1750 ’ἦσαν
1163 1714 1192 1745 οἱ
1215 1714 1260 1746 εἷς
1282 1715 1342 1745 τὸν

139 1759 260 1801 δούριον
289 1761 388 1790 ἰ’ππον
420 1757 761 1798 ἐγκατακλεισθέντες,
790 1758 861 1790 ἑνὸς
893 1758 943 1789 καὶ
973 1755 1122 1798 δευτέρου
1151 1759 1229 1790 ’ἴσως
1261 1759 1342 1799 ἐρεῖς

141 1804 250 1843 ὄνομα,
270 1803 321 1834 καὶ
339 1801 409 1834 οὐδὲ
432 1802 523 1833 ταῦτ’
544 1804 578 1834 ἐκ
594 1803 652 1834 τοῦ
670 1801 886 1841 Στησιχόρου,
907 1803 1020 1842 σχολῇ
1040 1801 1113 1843 γάρ,
1133 1802 1210 1832 ἀλλ’
1229 1803 1264 1834 ἐκ
1280 1803 1340 1838 τῆς

139 1847 267 1880 Σακάδα
297 1846 378 1878 τοῦ2
402 1846 547 1886 Ἀργείου
574 1846 675 1879 Ἰλίου
708 1845 875 1886 Περσίδος·
907 1844 1000 1877 οὗτος
1031 1845 1093 1887 γὰρ
1125 1844 1340 1885 παμπόλλους

136 1892 226 1924 τινὰς
244 1889 431 1931 κατέλεξεν.

182 2013 194 2032 ¹
219 2012 311 2045 Cob:
353 2022 422 2043 mss
461 2012 664 2052 Στησίχορος
701 2010 770 2042 and
809 2011 950 2051 ἱστορεῖε
991 2010 1052 2042 the
1082 2013 1275 2042 statement
1310 2011 1339 2042 i·

135 2056 336 2098 dependent
353 2067 394 2087 on
413 2056 514 2097 φασίν
637 2056 649 2074 ²
671 2054 757 2087 Cas:
783 2065 853 2086 mss
870 2067 1014 2087 σακατου

136 2120 186 2166 48
