1511 2458
593 116 739 153 LYRA
780 116 1001 153 GRAECA

193 222 349 278 ἔτυχεν
400 220 734 276 ὑπερίπτασθαι
785 220 979 266 ἐκδίκους
1026 221 1248 275 «γενέσθαι.
1324 221 1398 264 καὶ

194 280 322 325 αὐτὸς
344 280 421 334 μὲν
444 279 644 335 ἀνῃρέθη.
707 279 818 333 μετὰ
851 279 894 321 δὲ
923 282 1065 321 ταῦτα
1098 282 1184 322 τῶν
1215 282 1397 335 λῃστῶν

194 339 253 383 εἷς
285 340 329 381 ἐν
358 342 410 394 τῇ
439 337 569 381 πόλει
599 338 870 391 θεασάμενος
899 337 1106 393 *γεράνους
1136 337 1234 394 ἔφη·
1278 336 1397 386 ίἸδέ,

196 396 240 439 αἱ
282 396 464 447 Ἰβύκου
510 395 703 438 ἔκδικοι.
763 396 1037 442 ἀκούσαντος
1080 395 1125 437 δέ
1169 414 1283 441 τινος
1323 396 1398 438 καὶ

193 454 504 510 ἐπεξελθόντος
534 458 592 510 τῷ
623 454 844 510 εἰρημένῳ,
868 453 916 496 τό
948 472 993 496 τε
1024 453 1200 508 «γεγονὸς
1233 455 1396 509 ὡμολο-

194 513 309 567 ργήθη
341 514 415 556 καὶ
447 513 569 558 δίκας
600 512 764 555 ἔδωκαν
797 512 836 554 οἱ
866 512 1048 566 λῃσταί·
1084 513 1139 558 ὡς
1165 514 1212 555 ἐκ
1242 512 1399 555 τούτου

196 572 271 614 καὶ
293 571 534 628 παροιμίαν
556 570 794 625 Ύενέσθαι’
810 570 853 612 αἱ
875 570 1056 621 Ἰβύκου
1077 570 1283 627 νγέρανοιῖ

249 647 349 685 Stat.
372 648 460 684 Silv.
484 649 517 685 5.
543 648 576 684 3.
604 648 676 683 152

372 733 377 739 .
439 733 445 739 .
777 701 1065 751 volucrumque
1087 706 1272 751 precator

308 758 449 807 Ibycus

256 825 358 861 Plut.
385 824 496 863 Garr.
524 825 570 860 14
634 820 673 863 οἱ
696 820 729 862 δ’
752 820 932 871 Ἴβυκον
955 819 1292 865 ἀποκτείναντες
1314 820 1399 876 οὐχ

195 879 331 923 οὕτως
355 879 559 920 ἑάλωσαν
581 879 624 920 ἐν
646 879 814 934 θεάτρῳ
837 877 1088 932 καθημενοι,
1108 878 1182 920 καὶ
1204 878 1397 934 «γεράνων

196 939 541 993 παραφανεισῶν
563 937 672 992 πρὸς
705 936 933 988 ἀλληλοὺς
963 936 1055 991 ἅμα
1078 936 1241 990 Γγέλωτι
1262 937 1397 992 ψιθυ-

196 995 385 1052 ρίζοντες
412 996 466 1041 ὡς
495 995 541 1037 αἱ
562 994 741 1046 Ἰβύκου
772 994 935 1037 ἔκδικοι
965 1012 1202 1049 παρεισιν;
1237 993 1396 1036 ἀκούσ-

197 1072 321 1100 αντες
362 1053 449 1109 Γγὰρ
492 1071 529 1095 οι
573 1052 850 1107 καθεζόμενοι
891 1052 1099 1105 πλησίον,
1132 1052 1212 1106 ἤδη
1255 1051 1397 1095 πολὺν

196 1111 356 1169 χρόνον
378 1115 456 1154 τοῦ
471 1110 692 1163 Ἰβύκου”
669 1130 790 1156 οντος
812 1112 1007 1166 ἀφανοῦς
1030 1111 1103 1153 καὶ
1125 1110 1396 1165 ζητουμένου,

196 1171 475 1221 ἐπελάβοντο
518 1188 594 1221 της
635 1173 780 1225 φωνῆς
822 1170 895 1212 καὶ
938 1169 1273 1240 προσηνγνγειλαν
1311 1171 1400 1214 τοῖς

198 1229 429 1285 ἄρχουσιν.
505 1227 787 1285 ἐλεὙχθέντες
839 1227 873 1269 δ’
927 1228 1060 1272 (ὕτως
1112 1227 1399 1299 ιἰπηχθησαν,

197 1287 282 1344 οὐχ
313 1286 397 1329 ὑπὸ
427 1289 513 1329 τῶν
532 1288 725 1340 «γεράνων
747 1285 1054 1333 κολασθέντες,
1080 1285 1184 1327 αλλ’
1208 1284 1292 1327 ὑπὸ
1325 1289 1400 1338 τῆς

197 1346 343 1387 αυτῶν
383 1344 707 1399 «γλωσσαλγίας
750 1344 900 1413 ὥσπερ
937 1343 1129 1399 Ἐρινύες
1169 1342 1195 1396 ἢ
1237 1345 1400 1396 Ποινης

195 1403 457 1455 βιασθέντες
480 1404 770 1459 ἐξαγορεῦσαι
794 1420 869 1445 τον
891 1402 1035 1458 φόνον.

257 1482 352 1519 Α.Ρ.
395 1481 428 1520 7.
473 1480 548 1520 745
624 1478 682 1524 εἰς
726 1479 908 1529 Ἴβυκον
959 1476 1032 1520 τὸν
1082 1476 1264 1533 λυρικὸν
1316 1476 1400 1518 ὑπὸ

195 1539 376 1594 λῃστῶν
407 1537 742 1591 πεφονευμένον·
785 1535 1087 1592 Ἀντιπάτρου
1119 1534 1340 1580 Σιδωνίου·

269 1601 438 1652 Ἴβυκε,
461 1602 647 1654 ληὶσταί
670 1621 720 1645 σε
742 1601 1009 1644 κατέκτανον
1031 1601 1079 1644 ἔκ
1101 1619 1210 1644 ποτε
1233 1600 1330 1653 νηὸς
1346 1602 1359 1625 ¹

332 1658 461 1710 βάντ’
484 1661 525 1705 ἐς
547 1660 759 1717 ε’ρημαιην
781 1660 974 1710 ἅστιβον
996 1661 1131 1714 ἠϊονα,

277 1717 381 1759 ἀλλ’
428 1719 768 1774 ἐπιβωσάμενον
813 1719 1005 1774 Γγεράνων
1059 1718 1199 1774 νέφος,
1242 1735 1286 1760 αι
1335 1735 1401 1759 τοι

393 1794 536 1819 ικοντο

333 1835 546 1889 μάρτυρες
568 1834 785 1888 ἄλγιστον
807 1834 1033 1889 ὀλλυμένῳ
1059 1834 1264 1876 θάνατον·

231 1905 251 1935 5
273 1893 373 1935 οὐδὲ
393 1894 535 1947 μάτην
559 1892 766 1950 ἰιίχησας,
790 1893 884 1936 ἐπεὶ
909 1896 1105 1946 ποινῆτις
1128 1891 1296 1946 Ἐρινὺς

335 1950 468 1994 τῶνδε
492 1950 561 1993 διὰ
583 1951 786 2006 κλατγνγὴν
808 1950 965 1993 τίσατο
988 1953 1082 1992 σεῖο
1104 1950 1238 2006 φόνον

384 2041 392 2060 ¹
419 2042 528 2084 steph
546 2056 552 2074 :
579 2054 648 2075 mss
666 2042 765 2081 νήσου
780 2057 786 2075 :
813 2042 965 2074 Stadtm.
983 2052 1079 2084 sugg.
1099 2039 1218 2073 πόντου

198 2091 248 2125 80
