1511 2458
647 505 766 551 ΣΑΚ
774 511 806 549 Α
817 512 851 549 Δ
861 511 896 549 A

725 633 825 679 Βίος

233 748 342 785 Paus.
378 748 411 783 9.
448 747 508 784 30.
546 748 566 783 2
607 743 672 797 [π.
700 741 989 816 (Ελικῶνος]·
1040 743 1225 796 ποιητὰς
1263 744 1307 787 δὲ
1345 745 1369 799 ἣ

172 801 247 843 καὶ
269 800 418 847 ἄλλως
441 802 668 856 ἐπιφανεῖς
690 802 761 843 ἐπὶ
778 804 970 856 μουσικῇ
993 802 1182 845 τοσῶνδε
1203 802 1370 849 εἰκόνας

172 860 398 906 ἀνέθεσαν·
432 859 635 932 Θάμυριν
666 860 742 913 μὲν
764 859 896 902 αὐτόν
929 877 975 902 τε
995 858 1076 914 ἤδη
1106 860 1274 917 τυφλὸν
1296 880 1371 904 και

173 917 309 974 λύρας
361 917 624 973 κατεαγυίας
674 917 992 974 ἐφαπτόμενον,
1044 916 1202 974 Ἀρίων
1253 919 1298 962 δὲ
1350 919 1371 962 ὁ

175 975 465 1030 Μηθυμναῖός
502 978 625 1019 ἐστιν
675 977 748 1018 ἐπὶ
786 977 1000 1032 δελφῖνος,
1046 975 1066 1018 ὁ
1108 976 1153 1019 δὲ
1190 977 1370 1021 Σακάδα

172 1038 249 1076 τοῦ
286 1033 487 1091 Ἀργείου
523 1035 598 1077 τὸν
634 1034 870 1089 ἀνδριάντα
904 1035 1100 1083 πλάσας,
1136 1036 1186 1078 οὐ
1226 1037 1370 1082 συνεὶς

172 1092 395 1149 Πινδάρου
427 1092 476 1135 τὸ
508 1094 548 1138 ἐς
581 1093 713 1136 αὐτὸν
737 1092 985 1149 Προοίμιον,
1011 1092 1218 1146 ἐποίησεν
1248 1094 1371 1138 οὐδὲν

171 1153 212 1196 ἐς
235 1151 284 1193 τὸ
305 1169 441 1204 μηκος
465 1155 542 1194 τοῦ
564 1169 767 1206 σωματος
790 1157 899 1194 εἰναι
921 1154 1005 1193 τῶν
1028 1152 1177 1194 αὐλῶν
1195 1152 1370 1207 μείζονα

172 1210 246 1252 τὸν
288 1210 500 1264 αὐλητήν,
533 1211 723 1283 κάθηται
756 1209 799 1252 δὲ
833 1210 906 1252 καὶ
937 1209 1144 1256 Ησίοδος
1187 1211 1373 1268 κιθάραν

171 1268 244 1311 ἐπὶ
269 1272 356 1315 τοῖς
378 1268 563 1322 Ὑόνασιν
586 1269 712 1325 έχων,
736 1287 773 1310 κ.
780 1287 815 1310 τ.
820 1275 863 1310 λ.

236 1349 340 1388 Plut
364 1350 468 1388 Mus
495 1350 517 1385 8
551 1344 618 1400 [π.
644 1344 782 1398 νόμων
805 1343 1093 1399 αὐλῳδικῶν]·
1138 1343 1212 1386 καὶ
1233 1344 1372 1389 ἄλλος

173 1402 208 1443 δ’
240 1404 360 1446 ἐστὶν
392 1404 576 1460 αρχαῖος
609 1402 734 1473 νόμος
771 1402 1037 1456 καλούμενος
1076 1402 1286 1458 Κραδίας,
1325 1404 1372 1445 ὅν

172 1466 310 1515 φησιν
339 1461 570 1516 Ιππῶναξ
604 1460 857 1516 Μίμνερμον
894 1461 1104 1513 αὐλῆσαι.
1178 1461 1221 1504 ἐν
1254 1462 1371 1518 ἀρχῇ

173 1538 258 1574 ’γαρ
299 1521 470 1574 ἐλενγεῖα
510 1519 897 1575 μεμελοποιημένα
939 1518 978 1561 οἱ
1018 1518 1211 1574 αὐλῳδοὶ
1252 1519 1369 1575 ᾖδον·

177 1581 304 1620 τοῦτο
340 1578 384 1621 δὲ
411 1579 540 1630 δηλοῖ
565 1598 590 1631 η
625 1581 710 1620 τῶν
746 1576 1070 1629 Παναθηναίων
1103 1577 1372 1633 ἀναὙραφὴ1

174 1637 199 1688 ἡ
247 1637 345 1691 ’περὶ
389 1640 465 1679 τοῦ
505 1638 721 1691 μουσικοῦ
762 1636 941 1690 ἀιγῶνος.
1021 1634 1173 1689 ὙέΎονε
1213 1635 1259 1678 δὲ
1299 1636 1369 1678 καὶ

172 1693 376 1741 Σακάδας
399 1695 596 1751 Ἀργεῖος
624 1693 807 1747 ποιητὴς
838 1696 983 1745 μελῶν
1009 1711 1055 1735 τε
1076 1693 1150 1736 καὶ
1170 1693 1371 1748 ἐλεγείων

166 1754 595 1808 μεμελοποιημένων·
660 1752 680 1794 ὁ
704 1752 738 1794 δ’
762 1752 891 1797 αὐτὸς
914 1751 986 1794 καὶ
1009 1751 1202 1805 αὐλητὴς
1217 1752 1234 1778 2
1262 1752 1369 1806 ἁγα-

167 1810 241 1856 θὸς
279 1812 353 1853 καὶ
389 1812 442 1853 τὰ
469 1811 616 1854 Πύθια
642 1811 732 1865 τρὶς
760 1809 990 1862 νενικηκὼς
1019 1810 1367 1865 ἀνανγέτγραπται·

168 1870 325 1912 τούτου
342 1870 416 1912 καὶ
432 1869 649 1925 Πίνδαρος
666 1868 933 1923 μνημονεύει·
968 1866 1102 1910 τόνων
1117 1871 1224 1922 «γοῦν
1240 1871 1370 1924 τριῶν

167 1928 302 1970 ὄντων
335 1929 450 1971 κατὰ
488 1928 815 1981 Πολύμναστον
849 1927 925 1968 καὶ
959 1923 1178 1974 Σακάδαν,
1210 1929 1288 1969 τοῦ
1323 1944 1370 1968 τε

167 1985 338 2037 Δωρίου
370 1986 445 2028 καὶ
478 1986 673 2042 Φρυνγίου
705 1985 779 2027 καὶ
812 1983 989 2032 Λυδίου,
1013 1985 1055 2026 ἐν
1078 1984 1251 2040 ἑκάστῳ
1283 1987 1368 2026 τῶν

296 2072 308 2092 ¹
333 2072 425 2105 Cob:
452 2084 521 2105 mss
538 2074 647 2115 ’γραφὴ
780 2072 792 2091 ²
820 2071 1024 2114 Westphal:
1052 2082 1121 2104 mss
1137 2072 1272 2110 ποιητὴς

169 2142 189 2175 4
