1526 2458
618 168 767 205 LYRA
803 168 1027 205 GRAECA

791 274 866 312 214

266 344 360 375 Plut.
387 344 463 383 Lyso.
495 345 507 375 l
559 345 594 375 οὐ
618 345 681 384 μὴν
705 343 806 382 ἀλλά,
832 344 944 384 καίπερ
968 347 1067 377 οὕτως
1092 345 1341 384 πεπλανημένης
1365 347 1424 383 τῆς

222 388 376 430 ἱστορίας,
410 387 627 429 πειρασόμεθα
665 392 732 421 τοῖς
770 388 980 428 βραχυτάτας
1020 389 1155 430 ἔχουσιν
1185 390 1373 430 ἀντιλογίας
1405 391 1424 427 ἢ

222 431 487 473 ’γνωριμωτάτους
521 435 682 472 μάρτυρας
719 432 867 472 ἑπόμενοι
905 435 970 465 τῶν
999 432 1232 474 γεγραμμένων
1265 434 1335 474 περὶ
1365 435 1424 465 τοῦ

222 477 333 517 ἀνδρὸς
350 477 519 509 ἀποδοῦναι
536 477 596 514 τὴν
613 477 776 517 διήγησιν.
826 476 893 507 ἐπεὶ
915 479 966 508 καὶ
991 478 1164 516 Σιμωνίδης
1183 480 1198 509 ὃ
1216 479 1350 516 ποιητὴς
1368 479 1426 509 οὐκ

225 522 365 559 Εὐνόμου
389 521 482 561 λέγει
508 522 566 552 τὸν
589 523 773 562 Λυκοῦργον
796 519 928 561 πατρός,
954 522 1043 553 ἀλλὰ
1067 521 1262 561 Πρυτανίδος
1290 523 1341 554 καὶ
1367 522 1426 554 τὸν

222 567 407 607 Λυκοῦργον
425 566 475 596 καὶ
499 565 558 596 τὸν
578 567 729 604 Εὔνομον,
749 567 778 597 οἷ
801 568 953 597 πλεῖστοι
979 567 1102 606 σχεδὸν
1119 567 1181 607 οὐχ
1205 567 1289 598 οὕτω
1313 578 1423 607 γενεα-

224 611 391 649 λογοῦσιν,
411 609 501 640 ἀλλὰ
519 616 593 641 κτλ.

793 696 869 735 215

269 765 322 798 Id.
348 768 442 807 chs.
473 767 487 797 1
537 766 584 797 διὸ
610 767 666 798 καί
691 773 790 808 φασιν
818 767 877 798 ὑπὸ
908 768 967 798 τοῦ
996 765 1170 806 Σιμωνίδου
1192 766 1254 804 τὴν
1277 765 1429 808 Σπάρτην

224 812 506 852 προσηγορεῦσθαι

649 869 1013 927 δαμασίμβροτον

226 958 264 989 ὡς
288 955 437 996 μάλιστα
453 956 503 987 διὰ
519 957 584 987 τῶν
603 956 680 986 ἐθῶν
698 955 772 987 τοὺς
794 954 932 987 πολίτας
954 957 1021 987 τοῖς
1044 953 1151 995 νόμοις
1173 955 1352 993 πειθηνίους
1376 956 1428 987 καὶ

227 1000 403 1041 χειροήθεις
420 1002 588 1038 ποιοῦσαν,
605 1001 712 1040 ὥσπερ
727 1000 842 1031 ἵππους
860 1000 950 1031 εὐθὺς
968 1000 1000 1039 ἐξ
1016 1000 1121 1041 ἀρχῆς
1139 998 1381 1040 δαμαζομένους.

271 1191 337 1224 Seh
371 1191 455 1222 Eur.
476 1191 569 1222 Rlces.
598 1189 822 1230 [τετράμοιρον
843 1190 957 1222 νυκτὸς
980 1188 1146 1231 φρουράν]·
1175 1190 1225 1221 ὅτι
1247 1190 1277 1221 οἱ
1300 1189 1430 1230 ἀρχαῖοι

229 1236 272 1268 εἷς
297 1238 383 1275 τρεῖς
409 1235 556 1275 φυλακὰς
581 1232 711 1272 νέμουσι
735 1234 796 1271 τὴν
819 1232 917 1264 νύκτα
942 1259 948 1265 .
979 1259 985 1266 .
1014 1259 1020 1265 .
1051 1233 1254 1274 Στησίχορος
1288 1233 1322 1265 δὲ
1355 1233 1431 1265 καὶ1

229 1280 402 1320 Σιμωνίδης
418 1277 667 1319 πεντεφύλακόν
684 1286 784 1319 φησιν
803 1278 1008 1309 ὑποτίθεσθαι
1025 1278 1085 1315 τὴν
1101 1275 1210 1309 νύκτα.

798 1375 871 1412 217

273 1446 352 1478 Sch.
377 1445 480 1478 Pind.
509 1446 558 1476 Ol.
584 1445 615 1478 7.
641 1445 682 1475 4⁸2
714 1444 950 1486 [Ἀμυντορίδαι
981 1443 1140 1484 ματρόθεν
1173 1444 1431 1484 Ἀστυδαμείας]·

230 1515 235 1521 .
303 1515 309 1521 .
339 1491 475 1521 ἐνταῦθα.
492 1489 525 1521 δὲ
544 1488 734 1530 Ἀμύντορος
753 1489 856 1527 αὐτήν
876 1496 976 1530 φησιν
1001 1491 1017 1520 ὁ
1043 1488 1206 1530 Πίνδαρος,
1227 1489 1372 1521 Ἡσίοδος
1397 1488 1431 1519 δὲ

230 1535 280 1565 καὶ
301 1533 475 1574 Σιμωνίδης
492 1531 657 1574 Ὀρμένου.

799 1669 876 1707 218

274 1741 397 1783 Steph.
426 1741 510 1783 Byz.
563 1740 731 1772 Ἀκανθος·
765 1764 771 1770 .
809 1763 815 1770 .
852 1765 858 1771 .
896 1740 968 1771 ἔστι
999 1739 1051 1771 καὶ
1086 1740 1105 1778 ἡ
1138 1738 1339 1779 Ἀθαμανίας.
1394 1739 1435 1772 τὸ

231 1788 355 1818 ἐθνικὺν
377 1787 437 1823 τῆς
468 1782 623 1816 Ἀκάνθου
650 1783 822 1815 Ἀκάνθιος·
864 1784 898 1824 ἐξ
929 1783 964 1816 οὗ
996 1783 1046 1815 καὶ
1070 1783 1219 1823 παροιμία
1251 1782 1434 1816 ςἈκάνθιος

230 1830 359 1870 τέττιξ’
377 1830 510 1861 ἐπὶτῶν
525 1829 670 1870 ἀφώνων·
700 1828 840 1859 τοιοῦτοι
862 1829 925 1868 γὰρ
942 1829 971 1858 οἱ
995 1829 1053 1865 τῆς
1079 1829 1187 1870 χώρας
1211 1826 1374 1868 τέττιγες,
1394 1830 1434 1860 ὡς

233 1874 417 1915 Σιμωνίδης.

526 1961 538 1980 ¹
561 1962 600 2000 E,
621 1961 675 1992 for
692 1968 792 2002 φησιν
809 1960 853 1992 Cf.
867 1961 916 2001 fr.
933 1961 1017 1993 2:25:
1045 1970 1115 1992 mss
1131 1963 1147 1992 ὀ

277 2069 288 2088 ¹
312 2069 355 2101 ef.
385 2068 462 2101 Sch.
484 2067 574 2099 Plat.
595 2078 627 2109 p.
650 2068 713 2099 419
737 2066 836 2106 Bek„
860 2066 961 2099 Dion.
990 2066 1071 2099 Hal.
1092 2068 1173 2100 Ant.
1193 2068 1224 2100 2.
1243 2069 1297 2108 49,
1317 2067 1431 2101 Strab.

233 2145 311 2183 4¹0
