<?xml version="1.0" encoding="UTF-8"?>
<!DOCTYPE html PUBLIC "-//W3C//DTD XHTML 1.0 Transitional//EN"
    "http://www.w3.org/TR/xhtml1/DTD/xhtml1-transitional.dtd">
<html xmlns="http://www.w3.org/1999/xhtml" xml:lang="en" lang="en">
 <head>
  <title>
</title>
<meta http-equiv="Content-Type" content="text/html;charset=utf-8" />
  <meta name='ocr-system' content='tesseract 3.04.00' />
  <meta name='ocr-capabilities' content='ocr_page ocr_carea ocr_par ocr_line ocrx_word'/>
</head>
<body>
  <div class='ocr_page' id='page_1' title='image "./lyragraecabeingr02edmouoft_0040.png"; bbox 0 0 1511 2458; ppageno 0'>
   <div class='ocr_carea' id='block_1_1' title="bbox 543 174 952 211">
    <p class='ocr_par' dir='ltr' id='par_1_1' title="bbox 543 174 952 211">
     <span class='ocr_line' id='line_1_1' title="bbox 543 174 952 211; baseline 0.002 -1"><span class='ocrx_word' id='word_1_1' title='bbox 543 174 691 210; x_wconf 85' lang='lat' dir='ltr'>LYRA</span> <span class='ocrx_word' id='word_1_2' title='bbox 729 175 952 211; x_wconf 84' lang='lat' dir='ltr'><strong>GRAECA</strong></span> 
     </span>
    </p>
   </div>
   <div class='ocr_carea' id='block_1_2' title="bbox 142 276 1348 450">
    <p class='ocr_par' dir='ltr' id='par_1_2' title="bbox 142 276 1348 450">
     <span class='ocr_line' id='line_1_2' title="bbox 146 276 1348 352; baseline 0.004 -35"><span class='ocrx_word' id='word_1_3' title='bbox 146 276 488 330; x_wconf 71' lang='grc' dir='ltr'>τραγῳδοποιῶν</span> <span class='ocrx_word' id='word_1_4' title='bbox 556 277 601 319; x_wconf 83' lang='grc' dir='ltr'>δὲ</span> <span class='ocrx_word' id='word_1_5' title='bbox 651 282 900 334; x_wconf 44' lang='lat' dir='ltr'>,sospofflw‘jffi</span> <span class='ocrx_word' id='word_1_6' title='bbox 954 279 1260 352; x_wconf 46' lang='lat' dir='ltr'>ovyvpaspMewv</span> <span class='ocrx_word' id='word_1_7' title='bbox 1304 279 1348 322; x_wconf 86' lang='grc' dir='ltr'>δὲ</span> 
     </span>
     <span class='ocr_line' id='line_1_3' title="bbox 142 333 1347 393; baseline 0.004 -18"><span class='ocrx_word' id='word_1_8' title='bbox 142 333 380 390; x_wconf 59' lang='grc' dir='ltr'>ἹΙρόδοτος</span> <span class='ocrx_word' id='word_1_9' title='bbox 415 369 422 377; x_wconf 93' lang='grc'><strong>.</strong></span> <span class='ocrx_word' id='word_1_10' title='bbox 459 368 467 377; x_wconf 92' lang='grc'><strong>.</strong></span> <span class='ocrx_word' id='word_1_11' title='bbox 502 368 509 377; x_wconf 88' lang='grc'><em>.</em></span> <span class='ocrx_word' id='word_1_12' title='bbox 545 335 711 378; x_wconf 87' lang='grc' dir='ltr'>τούτων</span> <span class='ocrx_word' id='word_1_13' title='bbox 741 336 826 393; x_wconf 66' lang='grc' dir='ltr'>«γὰρ</span> <span class='ocrx_word' id='word_1_14' title='bbox 858 336 1028 391; x_wconf 83' lang='grc' dir='ltr'>ἑτέρους</span> <span class='ocrx_word' id='word_1_15' title='bbox 1059 338 1197 393; x_wconf 79' lang='grc' dir='ltr'>εὑρεῖν</span> <span class='ocrx_word' id='word_1_16' title='bbox 1239 338 1347 392; x_wconf 84' lang='grc' dir='ltr'>ἀμη-</span> 
     </span>
     <span class='ocr_line' id='line_1_4' title="bbox 145 393 1070 450; baseline 0.009 -17"><span class='ocrx_word' id='word_1_17' title='bbox 145 410 284 448; x_wconf 80' lang='grc' dir='ltr'>χανον</span> <span class='ocrx_word' id='word_1_18' title='bbox 306 393 479 447; x_wconf 76' lang='grc' dir='ltr'>ἄμεινον</span> <span class='ocrx_word' id='word_1_19' title='bbox 501 395 752 450; x_wconf 78' lang='grc' dir='ltr'>κεράσαντα</span> <span class='ocrx_word' id='word_1_20' title='bbox 776 413 874 440; x_wconf 79' lang='grc' dir='ltr'>τους</span> <span class='ocrx_word' id='word_1_21' title='bbox 896 394 1070 449; x_wconf 69' lang='grc' dir='ltr'>λόγους</span> 
     </span>
    </p>
   </div>
   <div class='ocr_carea' id='block_1_3' title="bbox 95 467 1349 902">
    <p class='ocr_par' dir='ltr' id='par_1_3' title="bbox 95 467 1349 902">
     <span class='ocr_line' id='line_1_5' title="bbox 206 467 1346 521; baseline 0.004 -17"><span class='ocrx_word' id='word_1_22' title='bbox 206 467 349 514; x_wconf 85' lang='lat' dir='ltr'>Quint.</span> <span class='ocrx_word' id='word_1_23' title='bbox 385 469 443 506; x_wconf 88' lang='lat'>10.</span> <span class='ocrx_word' id='word_1_24' title='bbox 481 470 512 506; x_wconf 91' lang='grc'><strong>1</strong></span> <span class='ocrx_word' id='word_1_25' title='bbox 547 470 595 506; x_wconf 78' lang='lat'>62</span> <span class='ocrx_word' id='word_1_26' title='bbox 656 470 812 507; x_wconf 85' lang='lat' dir='ltr'>Novem</span> <span class='ocrx_word' id='word_1_27' title='bbox 838 484 930 507; x_wconf 72' lang='lat' dir='ltr'>xero</span> <span class='ocrx_word' id='word_1_28' title='bbox 962 470 1195 521; x_wconf 86' lang='lat' dir='ltr'>Lyricorum</span> <span class='ocrx_word' id='word_1_29' title='bbox 1225 471 1346 520; x_wconf 76' lang='lat' dir='ltr'>longe</span> 
     </span>
     <span class='ocr_line' id='line_1_6' title="bbox 152 522 1347 575; baseline 0.004 -18"><span class='ocrx_word' id='word_1_30' title='bbox 152 522 342 559; x_wconf 81' lang='lat' dir='ltr'>Pindarus</span> <span class='ocrx_word' id='word_1_31' title='bbox 363 526 551 573; x_wconf 86' lang='lat' dir='ltr'>princeps</span> <span class='ocrx_word' id='word_1_32' title='bbox 583 554 589 561; x_wconf 90' lang='lat'><strong>.</strong></span> <span class='ocrx_word' id='word_1_33' title='bbox 624 554 630 561; x_wconf 95' lang='lat'><strong>.</strong></span> <span class='ocrx_word' id='word_1_34' title='bbox 664 554 671 561; x_wconf 90' lang='lat'><strong>.</strong></span> <span class='ocrx_word' id='word_1_35' title='bbox 705 525 958 561; x_wconf 76' lang='lat' dir='ltr'>Stesichorus</span> <span class='ocrx_word' id='word_1_36' title='bbox 975 528 1161 575; x_wconf 79' lang='lat' dir='ltr'>quamsit</span> <span class='ocrx_word' id='word_1_37' title='bbox 1181 529 1347 575; x_wconf 86' lang='lat' dir='ltr'>ingenio</span> 
     </span>
     <span class='ocr_line' id='line_1_7' title="bbox 147 577 1348 629; baseline 0.003 -17"><span class='ocrx_word' id='word_1_38' title='bbox 147 577 300 613; x_wconf 78' lang='lat' dir='ltr'>validus</span> <span class='ocrx_word' id='word_1_39' title='bbox 339 581 532 615; x_wconf 83' lang='lat' dir='ltr'>materiae</span> <span class='ocrx_word' id='word_1_40' title='bbox 567 592 727 629; x_wconf 84' lang='lat' dir='ltr'>quoque</span> <span class='ocrx_word' id='word_1_41' title='bbox 762 579 999 626; x_wconf 82' lang='lat' dir='ltr'>ostendunt,</span> <span class='ocrx_word' id='word_1_42' title='bbox 1034 583 1207 617; x_wconf 82' lang='lat' dir='ltr'>maxima</span> <span class='ocrx_word' id='word_1_43' title='bbox 1242 580 1348 617; x_wconf 82' lang='lat' dir='ltr'>bella</span> 
     </span>
     <span class='ocr_line' id='line_1_8' title="bbox 147 631 1347 684; baseline 0.003 -17"><span class='ocrx_word' id='word_1_44' title='bbox 147 636 189 668; x_wconf 88' lang='lat' dir='ltr'>ct</span> <span class='ocrx_word' id='word_1_45' title='bbox 228 631 466 669; x_wconf 80' lang='lat' dir='ltr'>clarissimos</span> <span class='ocrx_word' id='word_1_46' title='bbox 505 639 720 670; x_wconf 77' lang='lat' dir='ltr'>canentem</span> <span class='ocrx_word' id='word_1_47' title='bbox 767 634 891 671; x_wconf 84' lang='lat' dir='ltr'>duces</span> <span class='ocrx_word' id='word_1_48' title='bbox 931 640 972 671; x_wconf 89' lang='lat' dir='ltr'>et</span> <span class='ocrx_word' id='word_1_49' title='bbox 1016 637 1119 684; x_wconf 84' lang='lat' dir='ltr'>epici</span> <span class='ocrx_word' id='word_1_50' title='bbox 1159 637 1347 671; x_wconf 84' lang='lat' dir='ltr'>carminis</span> 
     </span>
     <span class='ocr_line' id='line_1_9' title="bbox 147 686 1348 738; baseline 0.003 -17"><span class='ocrx_word' id='word_1_51' title='bbox 147 698 270 722; x_wconf 86' lang='lat' dir='ltr'>onera</span> <span class='ocrx_word' id='word_1_52' title='bbox 318 686 403 736; x_wconf 67' lang='lat' dir='ltr'>lyra</span> <span class='ocrx_word' id='word_1_53' title='bbox 441 691 723 725; x_wconf 72' lang='lat' dir='ltr'>sustinentem.</span> <span class='ocrx_word' id='word_1_54' title='bbox 780 688 915 725; x_wconf 88' lang='lat' dir='ltr'>reddit</span> <span class='ocrx_word' id='word_1_55' title='bbox 951 691 1058 725; x_wconf 83' lang='lat' dir='ltr'>enim</span> <span class='ocrx_word' id='word_1_56' title='bbox 1092 692 1274 738; x_wconf 87' lang='lat' dir='ltr'>personis</span> <span class='ocrx_word' id='word_1_57' title='bbox 1307 692 1348 725; x_wconf 90' lang='lat' dir='ltr'>in</span> 
     </span>
     <span class='ocr_line' id='line_1_10' title="bbox 146 740 1348 793; baseline 0.003 -17"><span class='ocrx_word' id='word_1_58' title='bbox 146 740 306 789; x_wconf 81' lang='lat' dir='ltr'>agendo</span> <span class='ocrx_word' id='word_1_59' title='bbox 340 742 457 778; x_wconf 88' lang='lat' dir='ltr'>simul</span> <span class='ocrx_word' id='word_1_60' title='bbox 489 742 775 792; x_wconf 88' lang='lat' dir='ltr'>loquendoque</span> <span class='ocrx_word' id='word_1_61' title='bbox 806 743 987 780; x_wconf 84' lang='lat' dir='ltr'>debitam</span> <span class='ocrx_word' id='word_1_62' title='bbox 1016 743 1275 793; x_wconf 80' lang='lat' dir='ltr'>dignitatem,</span> <span class='ocrx_word' id='word_1_63' title='bbox 1302 757 1348 780; x_wconf 88' lang='lat' dir='ltr'>ac</span> 
     </span>
     <span class='ocr_line' id='line_1_11' title="bbox 95 797 1349 847; baseline 0.004 -17"><span class='ocrx_word' id='word_1_64' title='bbox 95 825 102 830; x_wconf 80' lang='lat'>.</span> <span class='ocrx_word' id='word_1_65' title='bbox 147 797 179 831; x_wconf 83' lang='lat' dir='ltr'>si</span> <span class='ocrx_word' id='word_1_66' title='bbox 227 797 428 832; x_wconf 82' lang='lat' dir='ltr'>tenuisset</span> <span class='ocrx_word' id='word_1_67' title='bbox 475 797 653 843; x_wconf 78' lang='lat' dir='ltr'>niodum,</span> <span class='ocrx_word' id='word_1_68' title='bbox 698 797 858 834; x_wconf 84' lang='lat' dir='ltr'>videtur</span> <span class='ocrx_word' id='word_1_69' title='bbox 905 798 1097 835; x_wconf 83' lang='lat' dir='ltr'>aemulari</span> <span class='ocrx_word' id='word_1_70' title='bbox 1146 801 1349 847; x_wconf 82' lang='lat' dir='ltr'>proximus</span> 
     </span>
     <span class='ocr_line' id='line_1_12' title="bbox 150 849 1348 902; baseline 0.004 -18"><span class='ocrx_word' id='word_1_71' title='bbox 150 849 375 886; x_wconf 85' lang='lat' dir='ltr'>Homerum</span> <span class='ocrx_word' id='word_1_72' title='bbox 403 854 606 900; x_wconf 87' lang='lat' dir='ltr'>potuisse;</span> <span class='ocrx_word' id='word_1_73' title='bbox 640 851 712 888; x_wconf 87' lang='lat' dir='ltr'>sed</span> <span class='ocrx_word' id='word_1_74' title='bbox 738 851 941 888; x_wconf 79' lang='lat' dir='ltr'>redundat</span> <span class='ocrx_word' id='word_1_75' title='bbox 964 858 1087 902; x_wconf 84' lang='lat' dir='ltr'>atque</span> <span class='ocrx_word' id='word_1_76' title='bbox 1115 852 1348 898; x_wconf 83' lang='lat' dir='ltr'>effunditur,</span> 
     </span>
    </p>
   </div>
   <div class='ocr_carea' id='block_1_4' title="bbox 148 903 1347 995">
    <p class='ocr_par' dir='ltr' id='par_1_4' title="bbox 148 903 1347 995">
     <span class='ocr_line' id='line_1_13' title="bbox 149 903 1347 956; baseline 0.003 -17"><span class='ocrx_word' id='word_1_77' title='bbox 149 903 255 953; x_wconf 88' lang='lat' dir='ltr'>quod</span> <span class='ocrx_word' id='word_1_78' title='bbox 297 909 342 940; x_wconf 89' lang='lat' dir='ltr'>ut</span> <span class='ocrx_word' id='word_1_79' title='bbox 386 910 449 942; x_wconf 88' lang='lat' dir='ltr'>est</span> <span class='ocrx_word' id='word_1_80' title='bbox 491 905 891 956; x_wconf 84' lang='lat' dir='ltr'>reprehendendum,</span> <span class='ocrx_word' id='word_1_81' title='bbox 932 909 988 943; x_wconf 86' lang='lat' dir='ltr'>ita</span> <span class='ocrx_word' id='word_1_82' title='bbox 1027 909 1165 956; x_wconf 80' lang='lat' dir='ltr'>copiae</span> <span class='ocrx_word' id='word_1_83' title='bbox 1205 910 1347 944; x_wconf 86' lang='lat' dir='ltr'>vitium</span> 
     </span>
     <span class='ocr_line' id='line_1_14' title="bbox 148 963 220 995; baseline 0 0"><span class='ocrx_word' id='word_1_84' title='bbox 148 963 220 995; x_wconf 89' lang='lat' dir='ltr'>est.</span> 
     </span>
    </p>
   </div>
   <div class='ocr_carea' id='block_1_5' title="bbox 148 1029 1351 1189">
    <p class='ocr_par' dir='ltr' id='par_1_5' title="bbox 148 1029 1351 1189">
     <span class='ocr_line' id='line_1_15' title="bbox 206 1029 1351 1084; baseline 0.003 -14"><span class='ocrx_word' id='word_1_85' title='bbox 206 1033 314 1071; x_wconf 87' lang='lat' dir='ltr'>Suid.</span> <span class='ocrx_word' id='word_1_86' title='bbox 375 1029 509 1084; x_wconf 79' lang='grc' dir='ltr'>θέμις·</span> <span class='ocrx_word' id='word_1_87' title='bbox 548 1030 596 1072; x_wconf 80' lang='grc' dir='ltr'>τὸ</span> <span class='ocrx_word' id='word_1_88' title='bbox 634 1029 817 1073; x_wconf 80' lang='grc' dir='ltr'>δίκαιον.</span> <span class='ocrx_word' id='word_1_89' title='bbox 892 1031 966 1073; x_wconf 75' lang='grc' dir='ltr'>καὶ</span> <span class='ocrx_word' id='word_1_90' title='bbox 1004 1031 1224 1077; x_wconf 73' lang='grc' dir='ltr'>Αἰλιανός·</span> <span class='ocrx_word' id='word_1_91' title='bbox 1273 1031 1351 1073; x_wconf 73' lang='lat' dir='ltr'>‘El</span> 
     </span>
     <span class='ocr_line' id='line_1_16' title="bbox 148 1086 1347 1146; baseline 0.003 -17"><span class='ocrx_word' id='word_1_92' title='bbox 148 1086 267 1141; x_wconf 79' lang='grc' dir='ltr'>θέμις</span> <span class='ocrx_word' id='word_1_93' title='bbox 310 1088 384 1130; x_wconf 77' lang='grc' dir='ltr'>καὶ</span> <span class='ocrx_word' id='word_1_94' title='bbox 424 1093 484 1144; x_wconf 80' lang='grc' dir='ltr'>τῷ</span> <span class='ocrx_word' id='word_1_95' title='bbox 526 1088 729 1144; x_wconf 81' lang='grc' dir='ltr'>Ἵμεροιίῳ</span> <span class='ocrx_word' id='word_1_96' title='bbox 772 1089 881 1145; x_wconf 73' lang='grc' dir='ltr'>πρὸς</span> <span class='ocrx_word' id='word_1_97' title='bbox 909 1088 1110 1146; x_wconf 70' lang='grc' dir='ltr'>”Ομηρον</span> <span class='ocrx_word' id='word_1_98' title='bbox 1145 1089 1194 1132; x_wconf 86' lang='grc' dir='ltr'>τὸ</span> <span class='ocrx_word' id='word_1_99' title='bbox 1231 1090 1347 1145; x_wconf 84' lang='grc' dir='ltr'>ὄμμα</span> 
     </span>
     <span class='ocr_line' id='line_1_17' title="bbox 148 1145 415 1189; baseline 0.011 -3"><span class='ocrx_word' id='word_1_100' title='bbox 148 1145 401 1189; x_wconf 82' lang='grc' dir='ltr'>ἀνατείνειν.</span> <span class='ocrx_word' id='word_1_101' title='bbox 406 1146 415 1159; x_wconf 83' lang='grc'><em>’</em></span> 
     </span>
    </p>
   </div>
   <div class='ocr_carea' id='block_1_6' title="bbox 211 1221 1349 1277">
    <p class='ocr_par' dir='ltr' id='par_1_6' title="bbox 211 1221 1349 1277">
     <span class='ocr_line' id='line_1_18' title="bbox 211 1221 1349 1277; baseline 0.003 -15"><span class='ocrx_word' id='word_1_102' title='bbox 211 1226 404 1277; x_wconf 74' lang='lat' dir='ltr'>Hei-mog.</span> <span class='ocrx_word' id='word_1_103' title='bbox 440 1240 486 1264; x_wconf 89' lang='grc' dir='ltr'>π.</span> <span class='ocrx_word' id='word_1_104' title='bbox 522 1222 575 1264; x_wconf 83' lang='grc' dir='ltr'>ιδ.</span> <span class='ocrx_word' id='word_1_105' title='bbox 610 1229 647 1266; x_wconf 99' lang='grc'><strong>3</strong></span> <span class='ocrx_word' id='word_1_106' title='bbox 670 1229 745 1264; x_wconf 75' lang='grc'>322</span> <span class='ocrx_word' id='word_1_107' title='bbox 779 1228 891 1264; x_wconf 67' lang='lat' dir='ltr'>&#39;nalz</span> <span class='ocrx_word' id='word_1_108' title='bbox 953 1241 1094 1265; x_wconf 83' lang='grc' dir='ltr'>ταυτα</span> <span class='ocrx_word' id='word_1_109' title='bbox 1124 1241 1191 1266; x_wconf 92' lang='grc' dir='ltr'>τοι</span> <span class='ocrx_word' id='word_1_110' title='bbox 1224 1223 1298 1265; x_wconf 86' lang='grc' dir='ltr'>καὶ</span> <span class='ocrx_word' id='word_1_111' title='bbox 1329 1221 1349 1265; x_wconf 84' lang='lat'><em>6</em></span> 
     </span>
    </p>
   </div>
   <div class='ocr_carea' id='block_1_7' title="bbox 147 1276 1352 1589">
    <p class='ocr_par' dir='ltr' id='par_1_7' title="bbox 148 1276 1352 1396">
     <span class='ocr_line' id='line_1_19' title="bbox 148 1276 1352 1337; baseline 0.003 -17"><span class='ocrx_word' id='word_1_112' title='bbox 148 1276 425 1337; x_wconf 77' lang='grc' dir='ltr'>Στησίχορος</span> <span class='ocrx_word' id='word_1_113' title='bbox 479 1280 655 1337; x_wconf 77' lang='grc' dir='ltr'>σφόδρα</span> <span class='ocrx_word' id='word_1_114' title='bbox 708 1281 809 1334; x_wconf 76' lang='grc' dir='ltr'>ἡδὺς</span> <span class='ocrx_word' id='word_1_115' title='bbox 861 1281 969 1324; x_wconf 86' lang='grc' dir='ltr'>εἶναι</span> <span class='ocrx_word' id='word_1_116' title='bbox 1022 1281 1142 1323; x_wconf 77' lang='grc' dir='ltr'>δοκεῖ</span> <span class='ocrx_word' id='word_1_117' title='bbox 1186 1280 1256 1324; x_wconf 82' lang='grc' dir='ltr'>διὰ</span> <span class='ocrx_word' id='word_1_118' title='bbox 1303 1280 1352 1324; x_wconf 86' lang='grc' dir='ltr'>τὸ</span> 
     </span>
     <span class='ocr_line' id='line_1_20' title="bbox 149 1339 961 1396; baseline 0.008 -17"><span class='ocrx_word' id='word_1_119' title='bbox 149 1343 337 1385; x_wconf 80' lang='grc' dir='ltr'>πολλοῖς</span> <span class='ocrx_word' id='word_1_120' title='bbox 372 1339 572 1396; x_wconf 84' lang='grc' dir='ltr'>χρῆσθαι</span> <span class='ocrx_word' id='word_1_121' title='bbox 607 1343 696 1385; x_wconf 73' lang='grc' dir='ltr'>τοῖς</span> <span class='ocrx_word' id='word_1_122' title='bbox 731 1340 961 1385; x_wconf 69' lang='grc' dir='ltr'>ἐπιθέτοις.</span> 
     </span>
    </p>

    <p class='ocr_par' dir='ltr' id='par_1_8' title="bbox 150 1414 1350 1589">
     <span class='ocr_line' id='line_1_21' title="bbox 206 1414 1349 1483; baseline -0.002 -26"><span class='ocrx_word' id='word_1_123' title='bbox 206 1420 306 1458; x_wconf 80' lang='lat' dir='ltr'>Ath</span> <span class='ocrx_word' id='word_1_124' title='bbox 351 1420 412 1458; x_wconf 76' lang='lat'>14</span> <span class='ocrx_word' id='word_1_125' title='bbox 456 1419 579 1456; x_wconf 79' lang='lat'>6200</span> <span class='ocrx_word' id='word_1_126' title='bbox 644 1415 911 1468; x_wconf 75' lang='grc' dir='ltr'>Χαμαιλέων</span> <span class='ocrx_word' id='word_1_127' title='bbox 955 1414 998 1456; x_wconf 77' lang='grc' dir='ltr'>δὲ</span> <span class='ocrx_word' id='word_1_128' title='bbox 1040 1415 1084 1456; x_wconf 86' lang='grc' dir='ltr'>ἐν</span> <span class='ocrx_word' id='word_1_129' title='bbox 1131 1417 1190 1470; x_wconf 80' lang='grc' dir='ltr'>τῷ</span> <span class='ocrx_word' id='word_1_130' title='bbox 1239 1414 1349 1483; x_wconf 81' lang='grc' dir='ltr'>Περὶ</span> 
     </span>
     <span class='ocr_line' id='line_1_22' title="bbox 150 1470 1350 1546; baseline -0.003 -29"><span class='ocrx_word' id='word_1_131' title='bbox 150 1472 433 1546; x_wconf 79' lang='grc' dir='ltr'>Στησιχόρου</span> <span class='ocrx_word' id='word_1_132' title='bbox 465 1472 539 1514; x_wconf 84' lang='grc' dir='ltr'>καὶ</span> <span class='ocrx_word' id='word_1_133' title='bbox 570 1473 882 1529; x_wconf 79' lang='grc' dir='ltr'>μελῳδηθῆναί</span> <span class='ocrx_word' id='word_1_134' title='bbox 904 1476 1041 1529; x_wconf 78' lang='grc' dir='ltr'>φησιν</span> <span class='ocrx_word' id='word_1_135' title='bbox 1063 1474 1112 1515; x_wconf 80' lang='grc' dir='ltr'>οὐ</span> <span class='ocrx_word' id='word_1_136' title='bbox 1133 1472 1266 1527; x_wconf 87' lang='grc' dir='ltr'>μόνον</span> <span class='ocrx_word' id='word_1_137' title='bbox 1296 1470 1350 1514; x_wconf 82' lang='grc' dir='ltr'>τὰ</span> 
     </span>
     <span class='ocr_line' id='line_1_23' title="bbox 147 1529 1350 1589; baseline -0.003 -13.962"><span class='ocrx_word' id='word_1_138' title='bbox 147 1532 356 1587; x_wconf 88' lang='grc' dir='ltr'>Ομηρου,</span> <span class='ocrx_word' id='word_1_139' title='bbox 383 1531 504 1572; x_wconf 79' lang='grc' dir='ltr'>ἀλλὰ</span> <span class='ocrx_word' id='word_1_140' title='bbox 538 1531 611 1573; x_wconf 82' lang='grc' dir='ltr'>καὶ</span> <span class='ocrx_word' id='word_1_141' title='bbox 644 1531 697 1573; x_wconf 82' lang='grc' dir='ltr'>τὰ</span> <span class='ocrx_word' id='word_1_142' title='bbox 719 1530 932 1574; x_wconf 80' lang='grc' dir='ltr'>ΙΙσιόδου</span> <span class='ocrx_word' id='word_1_143' title='bbox 964 1531 1038 1574; x_wconf 76' lang='grc' dir='ltr'>καὶ</span> <span class='ocrx_word' id='word_1_144' title='bbox 1059 1529 1350 1589; x_wconf 84' lang='grc' dir='ltr'>Ἀρχιλόχου,</span> 
     </span>
    </p>
   </div>
   <div class='ocr_carea' id='block_1_8' title="bbox 149 1589 961 1645">
    <p class='ocr_par' dir='ltr' id='par_1_9' title="bbox 149 1589 961 1645">
     <span class='ocr_line' id='line_1_24' title="bbox 149 1589 961 1645; baseline -0.004 -11"><span class='ocrx_word' id='word_1_145' title='bbox 149 1592 212 1634; x_wconf 78' lang='grc' dir='ltr'>ἔτι</span> <span class='ocrx_word' id='word_1_146' title='bbox 237 1590 281 1633; x_wconf 80' lang='grc' dir='ltr'>δὲ</span> <span class='ocrx_word' id='word_1_147' title='bbox 304 1589 565 1645; x_wconf 63' lang='grc' dir='ltr'>λΙιμνερμου</span> <span class='ocrx_word' id='word_1_148' title='bbox 589 1607 662 1632; x_wconf 83' lang='grc' dir='ltr'>και</span> <span class='ocrx_word' id='word_1_149' title='bbox 688 1589 961 1631; x_wconf 66' lang='grc' dir='ltr'>(Ρωκυλιδου.</span> 
     </span>
    </p>
   </div>
   <div class='ocr_carea' id='block_1_9' title="bbox 149 1665 1353 1879">
    <p class='ocr_par' dir='ltr' id='par_1_10' title="bbox 149 1665 1353 1879">
     <span class='ocr_line' id='line_1_25' title="bbox 208 1665 1351 1715; baseline -0.003 -13"><span class='ocrx_word' id='word_1_150' title='bbox 208 1667 288 1703; x_wconf 89' lang='lat' dir='ltr'>Cic.</span> <span class='ocrx_word' id='word_1_151' title='bbox 312 1666 389 1703; x_wconf 67' lang='lat' dir='ltr'>Aa.</span> <span class='ocrx_word' id='word_1_152' title='bbox 412 1667 446 1702; x_wconf 82' lang='lat'>2.</span> <span class='ocrx_word' id='word_1_153' title='bbox 470 1665 491 1701; x_wconf 79' lang='lat'>9</span> <span class='ocrx_word' id='word_1_154' title='bbox 551 1668 580 1701; x_wconf 83' lang='lat' dir='ltr'>si</span> <span class='ocrx_word' id='word_1_155' title='bbox 611 1678 703 1702; x_wconf 80' lang='lat' dir='ltr'>vero</span> <span class='ocrx_word' id='word_1_156' title='bbox 733 1678 835 1715; x_wconf 85' lang='lat' dir='ltr'>quae</span> <span class='ocrx_word' id='word_1_157' title='bbox 865 1665 916 1701; x_wconf 91' lang='lat' dir='ltr'>de</span> <span class='ocrx_word' id='word_1_158' title='bbox 947 1678 1011 1701; x_wconf 81' lang='lat' dir='ltr'>mc</span> <span class='ocrx_word' id='word_1_159' title='bbox 1040 1669 1157 1713; x_wconf 78' lang='lat' dir='ltr'>pacta</span> <span class='ocrx_word' id='word_1_160' title='bbox 1180 1668 1276 1701; x_wconf 86' lang='lat' dir='ltr'>sunt</span> <span class='ocrx_word' id='word_1_161' title='bbox 1304 1676 1351 1700; x_wconf 85' lang='lat' dir='ltr'>ea</span> 
     </span>
     <span class='ocr_line' id='line_1_26' title="bbox 149 1718 1353 1765; baseline -0.002 -8"><span class='ocrx_word' id='word_1_162' title='bbox 149 1734 229 1757; x_wconf 90' lang='lat' dir='ltr'>non</span> <span class='ocrx_word' id='word_1_163' title='bbox 269 1725 494 1765; x_wconf 74' lang='lat' dir='ltr'>servantur,</span> <span class='ocrx_word' id='word_1_164' title='bbox 535 1722 574 1755; x_wconf 82' lang='lat' dir='ltr'>in</span> <span class='ocrx_word' id='word_1_165' title='bbox 616 1720 727 1756; x_wconf 84' lang='lat' dir='ltr'>caclo</span> <span class='ocrx_word' id='word_1_166' title='bbox 765 1733 865 1765; x_wconf 83' lang='lat' dir='ltr'>sum,</span> <span class='ocrx_word' id='word_1_167' title='bbox 906 1725 949 1756; x_wconf 88' lang='lat' dir='ltr'>ut</span> <span class='ocrx_word' id='word_1_168' title='bbox 982 1721 1081 1755; x_wconf 78' lang='lat' dir='ltr'>sciat</span> <span class='ocrx_word' id='word_1_169' title='bbox 1116 1718 1180 1754; x_wconf 91' lang='lat' dir='ltr'>hic</span> <span class='ocrx_word' id='word_1_170' title='bbox 1215 1722 1353 1755; x_wconf 86' lang='lat' dir='ltr'>noster</span> 
     </span>
     <span class='ocr_line' id='line_1_27' title="bbox 152 1773 1351 1824; baseline -0.004 -12"><span class='ocrx_word' id='word_1_171' title='bbox 152 1774 516 1824; x_wconf 78' lang='lat' dir='ltr'>Hierosolymarius</span> <span class='ocrx_word' id='word_1_172' title='bbox 544 1774 753 1811; x_wconf 65' lang='lat' dir='ltr'>traductor</span> <span class='ocrx_word' id='word_1_173' title='bbox 781 1774 832 1810; x_wconf 85' lang='lat' dir='ltr'>ad</span> <span class='ocrx_word' id='word_1_174' title='bbox 863 1774 1026 1823; x_wconf 82' lang='lat' dir='ltr'>plebem</span> <span class='ocrx_word' id='word_1_175' title='bbox 1060 1786 1179 1822; x_wconf 87' lang='lat' dir='ltr'>quam</span> <span class='ocrx_word' id='word_1_176' title='bbox 1207 1773 1351 1809; x_wconf 88' lang='lat' dir='ltr'>bonam</span> 
     </span>
     <span class='ocr_line' id='line_1_28' title="bbox 151 1827 1351 1879; baseline -0.003 -12"><span class='ocrx_word' id='word_1_177' title='bbox 151 1833 249 1867; x_wconf 84' lang='lat' dir='ltr'>meis</span> <span class='ocrx_word' id='word_1_178' title='bbox 265 1831 484 1879; x_wconf 86' lang='lat' dir='ltr'>putissimis</span> <span class='ocrx_word' id='word_1_179' title='bbox 500 1829 747 1865; x_wconf 80' lang='lat' dir='ltr'>orationibus</span> <span class='ocrx_word' id='word_1_180' title='bbox 764 1831 935 1875; x_wconf 72' lang='lat' dir='ltr'>gratiam</span> <span class='ocrx_word' id='word_1_181' title='bbox 951 1827 1170 1873; x_wconf 86' lang='lat' dir='ltr'>rettulerit,</span> <span class='ocrx_word' id='word_1_182' title='bbox 1184 1839 1351 1877; x_wconf 82' lang='lat' dir='ltr'>quarum</span> 
     </span>
    </p>
   </div>
   <div class='ocr_carea' id='block_1_10' title="bbox 150 1881 851 1938">
    <p class='ocr_par' dir='ltr' id='par_1_11' title="bbox 150 1881 851 1938">
     <span class='ocr_line' id='line_1_29' title="bbox 150 1881 851 1938; baseline -0.003 -12"><span class='ocrx_word' id='word_1_183' title='bbox 150 1894 341 1938; x_wconf 83' lang='lat' dir='ltr'>exspecta</span> <span class='ocrx_word' id='word_1_184' title='bbox 363 1888 540 1924; x_wconf 84' lang='lat' dir='ltr'>divinam</span> <span class='ocrx_word' id='word_1_185' title='bbox 563 1881 851 1938; x_wconf 79' lang='grc' dir='ltr'>παλινῳδίαν.</span> 
     </span>
    </p>
   </div>
   <div class='ocr_carea' id='block_1_11' title="bbox 181 1960 742 1964">
    <p class='ocr_par' dir='ltr' id='par_1_12' title="bbox 181 1960 742 1964">
     <span class='ocr_line' id='line_1_30' title="bbox 181 1960 742 1964; baseline 0 0"><span class='ocrx_word' id='word_1_186' title='bbox 181 1960 742 1964; x_wconf 95' lang='lat' dir='ltr'> </span> 
     </span>
    </p>
   </div>
   <div class='ocr_carea' id='block_1_12' title="bbox 152 1989 1351 2114">
    <p class='ocr_par' dir='ltr' id='par_1_13' title="bbox 152 1989 1351 2114">
     <span class='ocr_line' id='line_1_31' title="bbox 194 1989 1351 2032; baseline -0.005 -5"><span class='ocrx_word' id='word_1_187' title='bbox 194 1995 206 2013; x_wconf 83' lang='lat'><em>¹</em></span> <span class='ocrx_word' id='word_1_188' title='bbox 232 1996 311 2027; x_wconf 63' lang='lat' dir='ltr'>than</span> <span class='ocrx_word' id='word_1_189' title='bbox 343 1994 486 2027; x_wconf 82' lang='lat' dir='ltr'>Clodius</span> <span class='ocrx_word' id='word_1_190' title='bbox 517 1994 619 2024; x_wconf 86' lang='lat' dir='ltr'>when</span> <span class='ocrx_word' id='word_1_191' title='bbox 650 1993 751 2024; x_wconf 80' lang='lat' dir='ltr'>made</span> <span class='ocrx_word' id='word_1_192' title='bbox 778 2003 799 2024; x_wconf 86' lang='lat' dir='ltr'>a</span> <span class='ocrx_word' id='word_1_193' title='bbox 826 1992 968 2024; x_wconf 84' lang='lat' dir='ltr'>tribune</span> <span class='ocrx_word' id='word_1_194' title='bbox 997 1991 1033 2023; x_wconf 78' lang='lat' dir='ltr'>of</span> <span class='ocrx_word' id='word_1_195' title='bbox 1063 1991 1123 2023; x_wconf 74' lang='lat' dir='ltr'>the</span> <span class='ocrx_word' id='word_1_196' title='bbox 1154 1989 1278 2032; x_wconf 86' lang='lat' dir='ltr'>people</span> <span class='ocrx_word' id='word_1_197' title='bbox 1305 1989 1351 2030; x_wconf 91' lang='lat' dir='ltr'>by</span> 
     </span>
     <span class='ocr_line' id='line_1_32' title="bbox 152 2034 1349 2080; baseline -0.005 -11"><span class='ocrx_word' id='word_1_198' title='bbox 152 2039 305 2080; x_wconf 77' lang='lat' dir='ltr'>Pompcy</span> <span class='ocrx_word' id='word_1_199' title='bbox 331 2038 446 2069; x_wconf 83' lang='lat' dir='ltr'>would</span> <span class='ocrx_word' id='word_1_200' title='bbox 471 2037 554 2069; x_wconf 77' lang='lat' dir='ltr'>take</span> <span class='ocrx_word' id='word_1_201' title='bbox 579 2048 622 2067; x_wconf 90' lang='lat' dir='ltr'>no</span> <span class='ocrx_word' id='word_1_202' title='bbox 646 2042 742 2078; x_wconf 81' lang='lat' dir='ltr'>steps</span> <span class='ocrx_word' id='word_1_203' title='bbox 766 2037 905 2078; x_wconf 37' lang='lat' dir='ltr'>against,</span> <span class='ocrx_word' id='word_1_204' title='bbox 931 2036 1051 2071; x_wconf 79' lang='lat' dir='ltr'>Cicero</span> <span class='ocrx_word' id='word_1_205' title='bbox 1148 2035 1161 2054; x_wconf 88' lang='lat'><strong>²</strong></span> <span class='ocrx_word' id='word_1_206' title='bbox 1184 2034 1349 2075; x_wconf 82' lang='lat' dir='ltr'>Pompey,</span> 
     </span>
     <span class='ocr_line' id='line_1_33' title="bbox 153 2082 692 2114; baseline -0.004 -1"><span class='ocrx_word' id='word_1_207' title='bbox 153 2083 229 2113; x_wconf 81' lang='lat' dir='ltr'>who</span> <span class='ocrx_word' id='word_1_208' title='bbox 248 2082 329 2114; x_wconf 75' lang='lat' dir='ltr'>took</span> <span class='ocrx_word' id='word_1_209' title='bbox 348 2082 543 2114; x_wconf 74' lang='lat' dir='ltr'>Jerusalem</span> <span class='ocrx_word' id='word_1_210' title='bbox 567 2090 628 2111; x_wconf 47' lang='grc' dir='ltr'>[τι.</span> <span class='ocrx_word' id='word_1_211' title='bbox 652 2082 692 2111; x_wconf 67' lang='lat'>62</span> 
     </span>
    </p>
   </div>
   <div class='ocr_carea' id='block_1_13' title="bbox 155 2148 201 2183">
    <p class='ocr_par' dir='ltr' id='par_1_14' title="bbox 155 2148 201 2183">
     <span class='ocr_line' id='line_1_34' title="bbox 155 2148 201 2183; baseline -0.043 0"><span class='ocrx_word' id='word_1_212' title='bbox 155 2148 201 2183; x_wconf 72' lang='lat'>28</span> 
     </span>
    </p>
   </div>
   <div class='ocr_carea' id='block_1_14' title="bbox 1504 114 1511 278">
    <p class='ocr_par' dir='ltr' id='par_1_15' title="bbox 1504 114 1511 278">
     <span class='ocr_line' id='line_1_35' title="bbox 1504 114 1511 278; textangle 90"><span class='ocrx_word' id='word_1_213' title='bbox 1506 257 1511 278; x_wconf 69' lang='grc'>.,</span> <span class='ocrx_word' id='word_1_214' title='bbox 1507 214 1511 247; x_wconf 56' lang='grc' dir='ltr'>Α-</span> <span class='ocrx_word' id='word_1_215' title='bbox 1504 114 1511 203; x_wconf 57' lang='grc' dir='ltr'>-.,Α...</span> 
     </span>
    </p>
   </div>
  </div>
 </body>
</html>
