1526 2458
587 187 735 223 LYRA
775 186 998 223 GRAECA

232 354 326 386 Plut.
350 355 474 386 consol.
496 356 562 395 Ast.
585 356 619 385 ll
670 356 685 385 ὁ
701 356 783 394 γοῦν
800 353 973 394 Σιμωνίδης
991 354 1105 394 φησίν·

187 408 458 464 Ἀνθρώπων
519 408 669 463 ὀλίγον
725 408 802 463 μὲν
857 409 1016 465 κάρτος
1072 408 1292 464 ἄπρακτοι
1345 406 1390 450 δὲ

247 466 497 520 μεληδόνες,

191 525 316 567 αἰῶνι
340 524 373 566 δ’
395 527 439 567 ἐν
462 524 618 580 παύρῳ
640 524 773 570 πόνος
796 525 911 580 ἀμφὶ
936 524 1068 580 πόνῳ·

191 582 211 624 ὁ
235 582 268 624 δ’
293 583 488 638 ἄφυκτος
510 584 623 637 ὅμως
646 583 939 640 ἐπῐκρέμαται
962 583 1164 627 θάνατος·
1181 582 1198 607 2

191 640 332 683 κείνου
354 641 439 697 Γγὰρ
463 642 559 684 ἴσον
578 642 724 699 λάχον
746 641 873 696 μέρος
897 640 943 684 οἵ
958 641 993 683 τ’
1018 640 1178 696 ἁγαθοὶ

196 700 212 711 ΡΙ
508 699 516 713 Ι

190 718 315 745 οστις
338 717 384 741 τε
406 718 555 746 κακος.

1085 524 1101 549 1

769 777 820 814 30

234 836 317 868 Ath.
340 836 369 869 9.
390 837 453 869 396
465 848 483 868 e
501 838 547 877 [π.
566 839 623 869 τοῦ
640 837 852 878 γαλαθηνός]·
877 837 927 869 καὶ
947 838 979 867 ἐν
997 837 1111 869 ἄλλοις
1129 837 1178 868 ἐπ’
1194 835 1393 878 Ἀρχεμόρου

188 881 220 919 (ὁ
239 880 425 920 Σιμωνίδης)
444 883 582 922 εἴρηκεν

239 934 561 992 <Εὐρυδίκας>
577 937 595 962 3
621 931 887 987 ἰοστεφάνου
909 939 1122 990 Γγλυκεῖαν
1144 934 1393 992 ἐδάκρυσαν

239 993 399 1051 ψύχαν
421 994 700 1038 ἀποπνέοντα
722 994 978 1048 «γαλαθηνὸν
1000 993 1136 1040 τέκος.

767 1123 814 1160 31

236 1182 334 1224 Diog.
365 1183 480 1214 Laest.
511 1184 536 1214 l.
565 1185 606 1215 89
630 1184 676 1223 [π.
706 1183 940 1222 ΚλεοΒούλου]’
968 1181 1061 1214 οὗτος
1087 1182 1239 1221 ἐποίησεν
1264 1182 1393 1224 ᾅσματα

193 1229 242 1257 καὶ
260 1229 393 1267 γρίφους
411 1228 454 1259 εἷς
473 1228 533 1264 ἔπη
554 1228 725 1268 τρισχίλια
743 1229 793 1259 καὶ
816 1228 854 1257 τὸ
874 1226 1055 1267 ἐπίγραμμά
1075 1239 1160 1259 τινες
1183 1227 1222 1258 τὸ
1240 1228 1289 1258 ἐπι
1310 1227 1392 1268 Μίδᾳ

192 1273 311 1302 τοῦτόν
327 1278 407 1309 φασι
424 1273 568 1307 ποιῆσαι·
602 1271 754 1310 ιΧαλκέη
770 1271 923 1308 παρθένος
941 1270 1014 1309 εἰμί,
1036 1270 1140 1302 Μίδεω
1159 1273 1183 1301 δ’
1203 1272 1252 1302 ἐπὶ
1272 1270 1392 1309 σήματι

193 1318 309 1353 κεῖμαι·
333 1314 336 1356 Ι
359 1315 429 1345 ἔστ’
446 1316 484 1346 ἂν
503 1317 582 1355 ὕδωρ
607 1329 643 1346 τε
666 1316 723 1358 νάῃ
747 1316 796 1347 καὶ
818 1314 946 1356 δένδρεα
969 1315 1074 1355 μακρὰ
1096 1314 1231 1356 τεθήλῃ,
1257 1313 1261 1357 Ι
1282 1315 1392 1352 ἠέλιος

193 1359 218 1389 δ’
237 1360 330 1390 ἀνιὼν
346 1358 458 1400 λάμπῃ
482 1358 613 1399 λαμπρά
635 1373 671 1390 τε
696 1360 832 1397 σελήνη,
859 1362 863 1400 Ι
884 1361 934 1390 καὶ
963 1359 1099 1398 ποταμοί
1122 1370 1159 1398 ’γε
1185 1359 1301 1400 ῥέωσιν
1319 1359 1391 1390 ἆνα-

191 1403 295 1443 κλύζῃ
321 1402 354 1434 δὲ
380 1403 541 1441 θάλασσα,
567 1404 569 1442 Ι
591 1405 689 1435 αὐτοῦ
705 1406 781 1445 τῇδε
798 1403 939 1443 μένουσα
955 1401 1173 1443 πολυκλαύτῳ
1192 1403 1236 1434 ἐνὶ
1252 1401 1365 1443 τύμβῳ
1384 1402 1389 1443 Ι

191 1446 343 1486 ἀγγελέω
361 1449 507 1488 παριοῦσι
527 1448 623 1479 Μίδας
644 1449 692 1478 ὅτι
709 1450 785 1490 τῇδε
799 1446 980 1478 τέθαπτο.ιῖ
1022 1445 1156 1488 φέρουσι
1171 1447 1203 1478 δὲ
1220 1446 1393 1488 μαρτύριον

194 1491 366 1530 Σιμωνίδου
383 1491 470 1532 ᾆσμα
488 1493 566 1522 ὅπου
583 1492 678 1532 φησί·

193 1553 267 1599 Τίς
310 1572 382 1595 κεν
423 1554 617 1607 αἰνήσειε
656 1553 737 1610 νόῳ
780 1553 957 1600 πινυτὸς
973 1554 989 1578 4
1033 1553 1192 1596 Λίνδου
1234 1553 1392 1596 ναέταν

254 1612 544 1663 Κλεόβουλον

195 1670 367 1716 ἀενάοις
389 1674 658 1725 ποταμοῖσιν
676 1671 691 1694 ⁵
714 1670 866 1713 ἄνθεσί
888 1669 924 1712 τ’
947 1671 1148 1724 εἰαρινοῖς

195 1727 345 1770 ἀελίου
367 1747 414 1771 τε
435 1729 574 1785 φλονγὶ
595 1729 789 1786 χρυσέας
813 1747 859 1770 τε
880 1729 1074 1775 σελάνας

195 1788 268 1828 καὶ
320 1786 655 1830 θαλασσαίαισι
717 1786 852 1832 δίναις
903 1785 1031 1829 ιἰντία
1084 1785 1215 1829 θέντα
1265 1785 1392 1840 μένος

254 1846 429 1890 στάλας
452 1863 462 1891 ;
480 1846 496 1870 ⁶

195 1902 372 1945 ἅπαντα
395 1903 480 1959 ’γάρ
502 1904 598 1945 ἐστι
621 1903 730 1945 θεῶν
751 1904 894 1956 ἥσσω·
927 1901 1053 1945 λίθον
1076 1902 1120 1945 δὲ

194 1960 268 2002 καὶ
290 1960 467 2015 βρότεοι
490 1961 697 2015 παλάμαι
723 1961 943 2017 θραύοντι·
976 1963 1124 2016 μωροῦ
1151 1960 1296 2017 φωτὸς
1317 1960 1392 2003 ἅδε

253 2019 413 2069 βουλά.

243 2123 252 2142 ¹
278 2122 303 2153 δ’
323 2124 356 2153 ἐν
373 2122 486 2154 Schn:
513 2133 582 2155 mss
600 2122 633 2155 δὲ
751 2122 763 2141 ²
787 2132 855 2153 mss
872 2123 954 2162 ὁμῶς
1075 2122 1087 2141 ³
1110 2123 1140 2153 B
1259 2121 1269 2140 ⁴
1294 2132 1390 2166 sugg.

198 2182 272 2228 296
