1526 2458
591 189 740 225 LYRA
779 188 1001 225 GRAECA

236 294 334 326 Cohn
353 295 499 325 Parocm.
521 304 555 334 p.
577 294 617 326 79
664 295 680 324 ὁ
704 293 817 334 Κᾶρως
839 293 936 324 αἶνος·
967 291 1124 332 μέμνηται
1148 292 1271 330 ταύτης
1296 297 1395 333 Σιμω-

195 339 281 376 νίδης
306 340 441 370 ἐπαινῶν
464 350 536 368 τινα
559 337 694 376 ἡνίοχον
718 338 896 374 νικήσαντα
925 338 959 367 ἐν
985 337 1139 378 Πελλήνῃ
1166 338 1217 368 καὶ
1249 337 1398 373 λαβόντα

194 383 347 413 ἐπινίκιον
372 381 525 420 χλαμύδα
549 380 571 421 ᾧ
596 381 802 421 χρησάμενος
830 381 1009 421 ἀπηλλάγη
1036 384 1095 412 τοῦ
1122 380 1243 422 ῥίγους·
1282 383 1398 420 χειμῶ-

194 439 244 458 νος
270 451 274 456 .
307 452 312 457 .
342 425 364 457 ‚¹
392 427 425 456 ἐν
450 424 604 466 Πελλήνῃ
635 427 833 456 ἐπετελεΐτο.
884 426 964 466 φασὶ
994 425 1026 456 δὲ
1053 426 1102 456 ὅτι
1131 423 1240 457 ἁλιεὺς
1265 426 1339 456 ἰδὼν
1363 427 1397 456 ἐν

195 473 327 510 χειμῶνι
356 469 525 501 πολύποδα
556 469 653 500 eimu—
693 470 748 500 ‘El
775 470 818 508 μὴ
848 470 1049 509 κολυμβὴσω
1075 469 1240 506 newham?
1281 471 1400 500 τοῦτον

194 514 250 545 οὖν
267 514 345 545 εἶναι
363 515 422 545 τὸν
440 513 556 555 Κοίριον
573 513 672 544 αἶνον.

239 590 323 622 Ath.
351 591 380 625 7.
410 590 498 622 318f
528 591 576 630 [π.
604 589 841 629 πουλυπόδων]
883 593 1015 632 Δωριεῖς
1041 592 1067 621 δ’
1092 591 1191 621 αὐτὸν
1215 590 1266 622 διὰ
1293 593 1350 622 τοῦ
1377 604 1399 622 ω

194 636 332 665 καλοῦσι
350 636 513 673 πώλυπον,
534 637 574 667 ὡς
592 635 799 675 Ἐπίχαμμος·
831 638 881 666 καὶ
901 634 1072 673 Σιμωνίδης
1092 636 1117 665 δ’
1135 634 1197 676 ἔφη

563 710 780 752 πώλυπον
803 710 1026 764 διζήμενος

683 864 733 901 43
784 864 913 914 Σκόπᾳ

238 933 308 966 Cic.
330 933 372 965 (lc
393 934 479 965 (hat
525 934 594 965 ,86
640 933 801 965 (xratiam
818 933 929 965 habeo
947 932 1119 965 Simonidi
1141 933 1193 964 illi
1209 932 1279 965 Ceo
1295 943 1399 983 quem

194 979 347 1020 primum
378 934 522 1009 ferun?
529 981 642 1008 artem
674 978 860 1008 memmiae
891 977 1091 1019 protulisse.
1139 977 1265 1008 dicunt
1292 977 1397 1016 enim,

195 1033 273 1052 cum
291 1026 433 1052 cenaret
449 1021 657 1052 Crannone'
649 1031 684 1052 ln
707 1021 888 1052 Thessalia
912 1020 1109 1053 Simonides
1132 1021 1227 1063 apud
1252 1020 1399 1062 Scopam

195 1065 418 1096 fortunatum
450 1064 626 1096 hominem
657 1068 693 1096 et
724 1064 876 1096 nobilem
909 1065 1163 1106 cecinissetque
1193 1064 1229 1096 id
1261 1075 1400 1096 carmen

195 1108 288 1150 quod
306 1110 341 1140 in
354 1119 433 1140 eum
446 1109 657 1149 scripsisset,
673 1108 708 1139 in
725 1119 794 1150 quo
807 1108 920 1139 multa
932 1107 1080 1139 ornandi
1096 1119 1200 1140 causa
1215 1112 1400 1150 poetarum

196 1163 290 1184 more
315 1153 350 1183 in
374 1152 555 1183 Castorem
580 1152 713 1193 scripta
737 1156 772 1183 et
796 1152 971 1183 Pollucem
994 1151 1154 1191 fuissent,
1177 1152 1281 1183 nimis
1299 1151 1397 1183 illum

199 1196 341 1227 sordide
366 1196 537 1227 Simonidi
566 1195 697 1227 dixisse
723 1206 759 1226 se
785 1195 970 1227 dimidium
997 1196 1071 1226 eius
1098 1196 1130 1226 ei
1155 1195 1249 1237 quod
1274 1199 1400 1237 pactus

198 1244 290 1271 esset
306 1251 370 1281 pro
387 1239 446 1270 illo
464 1240 617 1270 carmine
639 1239 806 1270 daturum
824 1251 830 1277 ;
854 1239 1027 1280 reliquum
1052 1249 1072 1270 a
1094 1240 1165 1270 suis
1188 1239 1401 1280 Tyndaridis

196 1294 282 1324 quos
311 1294 420 1324 aeque
446 1283 625 1314 laudasset
656 1286 804 1324 peteret,
833 1283 861 1313 si
891 1283 923 1314 ei
948 1282 1139 1314 videretur.
1189 1282 1294 1324 paulo
1320 1285 1402 1324 post

197 1338 270 1358 esse
295 1326 415 1358 ferunt
438 1327 641 1358 nuntiatum
668 1326 837 1357 Simonidi
864 1330 904 1358 ut
931 1326 1111 1367 prodiret:
1145 1326 1281 1357 iuvenis
1306 1333 1401 1358 stare

195 1372 240 1402 ad
265 1371 405 1402 ianuam
430 1370 500 1401 duo
523 1370 693 1412 quosdam
716 1371 777 1411 qui
801 1381 878 1401 eum
907 1380 1032 1411 manno
1057 1380 1161 1412 opere
1186 1373 1396 1409 evocarent;

196 1415 388 1445 su1rexisse
419 1413 529 1453 illum
564 1413 735 1455 prodisse,
766 1413 897 1445 vidisse
927 1414 1125 1445 neminem.
1158 1413 1224 1445 hoc
1254 1414 1399 1445 interim

196 1459 312 1500 spatio
336 1457 499 1489 conclaxe
524 1457 611 1488 illud
636 1457 695 1488 uhi
719 1457 923 1498 epulaietur
947 1456 1085 1499 Scopas,
1114 1456 1329 1496 concidisse;
1360 1467 1400 1488 ea

196 1503 298 1533 mina
322 1502 437 1543 ipsum
465 1512 542 1532 cum
568 1501 727 1542 comatis
753 1501 824 1532 suis
856 1511 1059 1542 oppressum
1091 1501 1264 1532 interisse.
1313 1511 1400 1542 quos

196 1556 273 1576 cum
292 1545 437 1576 humare
454 1545 585 1576 vellent
608 1545 672 1582 sui,
692 1555 803 1586 neque
825 1548 969 1586 possent
991 1544 1142 1576 obtritos
1164 1545 1400 1576 internoscere

196 1589 268 1620 ullo
299 1588 413 1627 modo,
441 1588 636 1620 Simonides
662 1588 794 1620 dicitur
828 1599 870 1619 ex
895 1599 935 1619 eo
965 1587 1058 1629 quod
1091 1588 1307 1619 meminisset
1330 1599 1399 1630 quo

196 1643 314 1663 eorum
340 1632 415 1663 loco
439 1633 585 1673 quisque
610 1631 800 1670 cubuisset,
820 1631 1082 1663 demonstrator
1105 1632 1208 1663 unius
1233 1632 1400 1673 cuiusque

198 1676 391 1715 sepeliendi
415 1676 531 1706 fuisse.
583 1675 647 1707 hac
673 1678 748 1707 tum
773 1686 809 1706 rc
834 1675 1036 1707 admonitus
1068 1675 1241 1707 invenisse
1273 1675 1397 1714 fertur,

196 1720 353 1751 ordinem
372 1730 445 1751 esse
463 1720 612 1750 maxime
629 1720 688 1760 qui
706 1720 892 1750 memoriae
909 1719 1026 1750 lumen
1044 1719 1195 1751 afferret.

360 1804 369 1823 ¹
396 1806 455 1836 1ῐὲ
475 1804 588 1836 words
604 1805 770 1846 illegible,
790 1804 886 1847 perh.
908 1805 970 1846 ’γὰρ
981 1804 1118 1846 Ἕρμαια
1134 1804 1231 1836 Crus.

242 1912 317 1944 ¹cf.
335 1913 430 1954 Hcs>
435 1913 487 1944 cl]
507 1913 705 1950 Πελληνικαὶ
729 1914 864 1952 χλαιναι
952 1911 965 1931 ²
988 1911 1107 1970 Quint.
1133 1912 1181 1942 ll.
1256 1912 1290 1942 ll
1318 1921 1398 1952 says

196 1957 244 1988 th
240 1960 276 1988 it
296 1957 357 1987 the
382 1967 467 1998 sontr
491 1967 561 1987 was
582 1956 726 1987 W1itten
750 1957 863 1995 puqilz'
885 1957 1062 1987 σονυηαίο6
1075 1955 1108 1986 in
1127 1933 1261 1985 honour
1278 1954 1314 1985 of
1337 1955 1398 1986 the

196 2001 351 2041 winniwr
366 2000 495 2038 boxer,’
512 2000 575 2031 but
594 2000 674 2031 that
691 2000 719 2030 it
737 2000 765 2030 is
783 1999 964 2030 uncertain
984 1998 1069 2030 both
1088 1998 1166 2029 who
1183 1997 1226 2029 he
1240 2008 1322 2036 was,
1337 1998 1398 2029 the

195 2044 407 2075 authoiities
431 2044 581 2085 varying
605 2053 730 2084 amon(r
757 2043 914 2074 lecon
933 2042 969 2073 of
991 2042 1173 2084 Carystus,
1195 2041 1394 2081 Leocrates,

195 2087 453 2128 Agatharchus,
481 2087 550 2118 and
582 2087 722 2128 Scopas,
749 2086 819 2119 and
847 2086 1007 2118 whether
1032 2086 1094 2118 the
1120 2085 1282 2117 accident
1310 2067 1396 2117 took,

197 2150 272 2197 306
