1511 2458
550 176 697 212 LYRA
738 176 961 213 GRAECA

150 297 261 321 τοντα,
282 280 534 321 διπλασιάζοντα
550 284 615 312 τῶν
633 282 667 312 ἐν
687 283 757 313 ταῖς
775 281 895 314 ἄλλαις
917 282 1037 321 χώραις
1054 281 1230 322 φυομένων.
1269 282 1360 322 ἔχειν

153 338 186 370 δὲ
212 340 262 370 καὶ
287 342 352 369 τῶν
375 336 501 377 ἡμέρων
527 339 652 375 Ι<αρπῶν
676 337 875 376 αὐτομάτων,
897 337 1044 376 ἀμπέλου
1067 350 1104 367 τε
1127 339 1258 375 πολλῆς
1282 344 1358 378 φυο-

154 393 251 434 μένης
277 394 327 425 καὶ
355 393 470 432 μήλων
498 391 661 430 ἀμυθήτου
683 391 836 428 πλήθους.
887 394 933 424 διὸ
959 392 1010 425 καὶ
1034 391 1258 434 στρατόπεδόν
1280 406 1358 425 ποτε

151 449 379 489 Καρχηδονίων
404 449 463 479 ὑπὸ
487 448 582 486 λιμοῦ
606 446 794 486 πιεζόμενον
819 448 994 488 διαθρέψαι,
1017 448 1269 488 παρερχομένων
1293 452 1358 480 τῶν

149 506 230 546 ὀρῶν
268 505 409 535 πολλαῖς
446 501 575 543 μυριάσι
615 502 772 543 χορηγίας
804 503 849 534 εἷς
881 503 1005 543 τροφὴν
1044 503 1270 535 ἀνέκλειπτον.
1322 505 1357 536 ἐν

149 559 252 601 ταύτῃ
286 559 319 590 δὲ
352 560 391 600 τῇ
431 558 521 600 χώρᾳ
554 558 748 598 συναγκείας
781 557 917 595 δένδρων
948 559 1048 595 οὔσης
1079 560 1275 597 θεοπρεποῦς
1307 560 1358 590 καὶ

152 616 298 655 Νύμφαις
323 614 446 645 ἄλσους
473 613 640 654 ἀνειμένου
663 614 884 653 μυθολογοῦσι
907 615 1102 652 γεννηθῆναι
1127 614 1185 645 τὸν
1207 613 1358 654 ὀνομαζό-

149 683 245 712 μειόν
270 670 404 710 Δάφνιν,
426 671 540 708 Ἐρμοῦ
564 668 623 708 μἐν
648 670 698 700 καὶ
724 668 860 707 Νύμφης
885 666 963 705 υἱόν,
984 669 1046 699 ἀπὸ
1072 668 1105 699 δὲ
1131 670 1189 700 τοῦ
1213 669 1358 706 πλήθους

150 727 200 758 καὶ
234 727 293 762 τῆς
326 723 526 762 πυκνότητος
556 726 616 762 τῆς
651 724 813 765 φυομένης
850 722 972 763 δάφνης
1005 722 1185 762 ὠνομάσθαι
1218 724 1353 767 Δάφνιν.

147 784 266 813 τοῦτον
292 782 318 812 δ’
345 781 404 811 ὑπὸ
429 782 571 819 Νυμφῶν
597 780 774 820 τραφέντα,
803 779 853 810 καὶ
883 781 969 815 βοῶν
997 778 1120 819 ἀγέλας
1148 783 1354 820 παμπληθεῖς

151 836 359 874 κεκτημένον,
387 834 512 866 τούτων
535 837 693 866 ποιεῖσθαι
721 834 853 871 πολλὴν
878 832 1075 873 ἐπιμέλειαν·
1108 835 1164 875 ἀφ’
1188 834 1227 872 ἧς
1251 835 1356 867 αἰτίας

151 889 313 928 Βουκόλον
337 891 435 922 αὐτὸν
460 890 687 929 ὀνομασθῆναι.
735 888 830 930 φύσει
859 889 892 921 δὲ
922 888 1060 931 διαφόρῳ
1088 890 1167 929 πρὸς
1191 891 1359 929 εὐμέλειαν

155 946 421 989 κεχορηγημένον
445 947 581 986 ἐξευρεῖν
602 946 641 976 τὸ
665 946 859 981 βουκολικὸν
876 944 995 984 ποίημα
1021 945 1070 976 καὶ
1095 945 1206 985 μέλος,
1226 947 1243 978 ὃ
1260 945 1359 985 μέχρι

148 1005 206 1034 τοῦ
230 1004 285 1033 νῦν
301 1002 384 1033 κατὰ
403 1001 464 1038 τὴν
481 1000 630 1033 Σικελίαν
651 1000 810 1041 τυγχάνει
833 998 981 1039 διαμένον
998 1001 1031 1031 ἐν
1052 1001 1210 1044 ἀποδοχῇ.
1260 1004 1356 1040 μυθο-

151 1060 289 1098 λογοῐῗσι
312 1057 345 1088 δὲ
363 1057 421 1087 τὸν
439 1055 564 1095 Δάφνιν
579 1056 661 1095 μετὰ
681 1058 739 1093 τῆς
760 1055 944 1096 Ἀρτέμιδος
965 1059 1116 1097 κυνηγεῖν
1135 1057 1356 1098 ὑπηρετοῦντα

150 1116 189 1155 τῇ
231 1117 289 1152 θεῷ
331 1110 582 1153 κεχαρισμένως,
619 1112 668 1143 καὶ
708 1112 757 1142 διὰ
793 1112 853 1147 τῆς
885 1110 1042 1152 σύριγγος
1075 1111 1125 1143 καὶ
1158 1113 1355 1148 βουκολικῆς

150 1168 309 1209 μελῳδίας
325 1165 454 1208 τέρπειν
470 1167 571 1204 αὐτὴν
589 1166 813 1207 διαφερόντως.
865 1164 1003 1206 λέγουσι
1024 1168 1050 1197 δ’
1071 1169 1169 1198 aha-013
1194 1167 1270 1206 μίαν
1291 1169 1357 1198 τῶν

152 1227 295 1264 Νυμφῶν
324 1225 515 1265 ἐρασθεῖσαν
538 1224 711 1263 προειπεῖν,
739 1222 795 1253 ἐὰν
820 1221 910 1262 ἄλλῃ
939 1235 1001 1252 τινι
1028 1222 1213 1264 πλησιάσῃ,
1241 1221 1356 1261 στερή-

152 1283 265 1310 σεσθαι
305 1281 364 1315 τῆς
400 1277 551 1318 ὁράσεως·
594 1278 741 1308 κάκεῖνον
781 1275 841 1307 ὑπό
876 1289 963 1308 τινος
999 1278 1154 1318 θυγατρὸς
1193 1275 1359 1314 βασιλέως

153 1332 437 1372 καταμεθυσθέντα
461 1335 512 1364 καὶ
535 1332 768 1370 πλησιάσαντα
793 1333 885 1374 αὐτῇ,
914 1334 1108 1373 στερηθῆναι
1132 1334 1192 1370 τῆς
1218 1332 1358 1375 ὁράσεως

154 1390 236 1420 κατὰ
251 1390 313 1427 τὴν
328 1387 551 1429 γεγενημένην
570 1389 629 1419 ὑπὸ
648 1389 707 1424 τῆς
725 1387 862 1428 Νύμφης
879 1386 1061 1429 πρόρρησιν.

598 1509 723 1547 12-17
776 1506 911 1546 Ἑλένα

199 1581 304 1613 Isocr.
334 1582 407 1612 Hel.
436 1581 478 1612 64
526 1580 703 1619 ἐνεδείξατο
732 1578 764 1610 δὲ
797 1578 829 1618 (ἡ
855 1577 986 1617 Ἐλένη)
1014 1579 1063 1609 καὶ
1091 1577 1283 1618 Στησιχόρῳ
1309 1582 1353 1618 τῷ

154 1627 269 1666 ποιητῇ
287 1625 347 1661 τὴν
365 1626 482 1660 ἑαυτῆς
495 1623 635 1663 δυνάμιν·
663 1623 717 1654 ὅτε
729 1622 788 1662 μὲν
801 1623 863 1663 γὰρ
873 1621 1053 1662 ἀρχόμενος
1063 1623 1122 1658 τῆς
1143 1621 1349 1659 <Ἐλένης>

155 1671 236 1709 ᾠδῆς
261 1667 504 1707 ἐβλασφήμησέ
526 1681 556 1698 τι
581 1668 650 1707 περὶ
675 1667 784 1703 αὐτῆς,
805 1665 928 1703 ἀνέστη
946 1669 1010 1697 τῶν
1027 1666 1202 1706 ὀφθαλμῶν
1223 1667 1354 1704 ἐστερη-

153 1714 258 1752 μένος,
281 1713 389 1745 ἐπειδὴ
414 1711 446 1743 δὲ
472 1712 567 1751 γντὺς
591 1712 652 1749 τὴν
673 1711 778 1742 αἰτίαν
801 1711 858 1746 τῆς
885 1713 1049 1748 συμφορεῖς
1071 1713 1131 1748 τὴν
1154 1709 1356 1750 καλουμένην

154 1757 355 1797 Παλινῳδίαν
372 1756 515 1794 ἐποίησε,
536 1755 636 1787 πάλιν
653 1756 751 1786 αὐτὸν
768 1754 812 1786 εἷς
829 1755 890 1792 τὴν
907 1755 1007 1792 αὐτὴν
1020 1753 1120 1795 φύσιν
1136 1754 1351 1791 κατέστησεν.

197 1819 274 1850 Sch.
297 1818 379 1849 Eur.
403 1817 457 1848 Or.
483 1818 546 1848 ‘249
571 1817 745 1856 [ἐπίσημον
769 1814 859 1846 ἔτεκε
884 1815 1066 1854 Τυνδάρεως
1091 1817 1124 1848 ἐς
1146 1817 1205 1848 τὸν
1228 1814 1351 1856 ψόγονΙ

151 1863 246 1902 γένος
269 1860 451 1903 θυγατέρων
468 1862 626 1893 δυσκλεές
648 1863 676 1890 τ’
696 1859 742 1890 ἀν’
762 1859 930 1898 Ἐλλάδα]·
966 1859 1167 1898 Στησίχορός
1190 1866 1290 1901 φησιν
1314 1860 1354 1891 ὡς

152 1907 233 1937 θύων
255 1909 323 1938 τοῖς
343 1909 423 1937 θεοῖς
445 1905 626 1940 Τυνδάρειος
648 1904 837 1942 Ἀφροδίτης
861 1903 1048 1935 ἐπελάθετο·
1075 1904 1122 1935 διὸ
1146 1904 1354 1945 ὀργισθεῖσαν

150 1951 210 1988 τὴν
236 1951 308 1982 θεὸν
336 1949 488 1990 διγάμους
513 1963 549 1980 τε
579 1950 628 1981 καὶ
658 1947 831 1988 τριγάμους
857 1948 908 1980 καὶ
937 1947 1144 1988 λειψάνδρους
1170 1948 1267 1980 αὐτοῦ
1294 1947 1352 1979 τὰς

152 1994 327 2035 Ριγατέρας
344 1993 500 2030 ποιῆσαιί
525 1994 594 2033 ἔχει
611 1991 645 2024 δὲ
662 1993 680 2030 ἡ
700 1994 818 2032 χρῆσις
835 1993 946 2024 οὕτως’

616 2071 627 2091 ¹
654 2081 720 2101 ms<
739 2070 888 2107 ἐποίησεν

151 2136 200 2184 38
