1511 2458
574 120 720 157 LYRA
762 120 985 158 GRAECA

176 223 382 281 ’Ἄβδηρα
404 225 446 267 ἐν
470 224 637 280 Θράκῃ.
693 223 791 277 βίος
812 225 856 267 δὲ
877 226 927 278 ἣν
950 226 1067 281 αὐτῷ
1090 224 1198 281 πρὸς
1219 224 1380 280 ἔρωτας

180 283 349 325 παίδων
382 282 455 325 καὶ
486 283 705 338 νγυναίκων
733 284 806 326 καὶ
837 283 963 340 ᾠδάς.
1023 284 1098 326 καὶ
1123 283 1381 339 συνέγραψε

180 341 387 397 παροίνιά
411 360 457 384 τε
477 341 590 396 μέλη
618 342 689 384 καὶ
718 342 908 397 ἰάμβους
939 342 1013 384 καὶ
1046 341 1100 384 τὰ
1131 341 1380 394 καλούμενα

177 398 523 456 Ἀνακρεόντεια.

241 495 341 532 Hdt.
374 498 408 536 3.
442 498 510 535 121
558 493 622 547 [7?.
655 492 808 534 αἰτιῶν
839 495 924 535 τῶν
960 495 1037 535 τοῦ
1075 485 1265 534 θανάτου
1303 495 1379 535 τοῦ

179 550 530 623 Πολυκράτους]
570 551 608 593 οἱ
634 551 678 593 δὲ
710 551 952 596 ἐλάσσονες
982 551 1166 605 λέγουσι
1198 550 1377 607 πέμψαι

179 607 382 662 Ὀροίτεα
430 609 470 654 ἐς
519 606 665 663 Σάμον
708 627 877 663 κηρυκα
919 610 1017 652 ὅτευ
1062 609 1111 662 δη
1154 626 1381 666 χρήματος

178 665 538 720 δεησόμενον·οὐ
565 667 649 724 νγὰρ
679 667 735 710 ὧν
763 667 813 720 δη
844 667 972 710 τοῦτό
1001 686 1050 723 νγε
1078 667 1270 722 λέγεται·
1303 667 1378 710 καὶ

179 724 252 767 τὸν
274 725 572 780 Πολυκράτεα
595 729 747 782 τυχεῖν
764 726 1076 780 κατακείμενον
1099 727 1142 768 ἐν
1160 725 1377 781 ἀνδρεῶνι,

179 786 381 837 παρεῖναι
415 784 460 826 δέ
491 784 531 827 οἱ
567 784 639 827 καὶ
671 783 969 840 Ἀνακρέοντα
1007 784 1081 827 τὸν
1117 784 1261 837 Τήϊον·
1305 783 1380 826 καί

179 860 276 890 κως,
320 842 398 885 ειτ’
439 844 485 885 ἐκ
528 842 731 897 προνοίης
773 843 907 885 αὐτὸν
947 841 1277 896 κατηλογέοντα
1324 842 1378 884 τὰ

190 899 384 956 Οροίτεω
408 919 663 974 πρήγματα,
681 902 764 944 εἴτε
786 901 860 944 καὶ
877 900 1093 959 συντυχίη
1111 919 1173 947 τις
1195 900 1378 952 τοιαύτη

176 958 416 1013 ἐπεγενετο·
450 958 523 1001 τόν
541 978 586 1002 τε
603 959 687 1016 ’γὰρ
705 978 874 1014 κηρυκα
897 960 970 1003 τὸν
982 958 1191 1015 Ὀροίτεω
1212 965 1376 1015 παρελ-

177 1016 311 1059 θόντα
345 1017 630 1072 διαλέγεσθαι
666 1036 741 1061 και
776 1017 850 1061 τὸν
887 1019 1193 1074 Πολυκράτεα,
1227 1021 1376 1074 τυχεῖν

174 1076 260 1130 «γὰρ
311 1077 666 1131 ἐπεστραμμένου
715 1075 823 1131 πρὸς
874 1076 922 1119 τὸ
975 1080 1139 1135 τοῖχον,
1184 1077 1284 1120 οὔτε
1334 1093 1376 1119 τι

174 1138 545 1191 μεταστραφῆναι
569 1136 667 1178 οὔτε
690 1135 1024 1191 ὑποκρίνασθαι.

233 1230 311 1268 Str.
338 1232 396 1271 14.
419 1232 493 1270 638
524 1227 590 1283 [π.
614 1226 798 1283 Σάμου]
836 1246 877 1269 αι
912 1227 990 1282 μὲν
1023 1228 1097 1270 οὗν
1128 1226 1375 1298 τυραννίδες

174 1285 381 1339 ἤκμασαν
434 1286 549 1327 κατὰ
602 1286 872 1342 Πολυκράτη
922 1286 1126 1340 μάλιστα
1175 1286 1251 1328 καὶ
1302 1284 1377 1328 τὸν

176 1343 369 1399 ἀδελφὸν
397 1345 531 1386 αὐτοῦ
560 1341 847 1387 Συλοσῶντα·
879 1363 929 1396 ην
952 1344 986 1386 δ’
1010 1343 1030 1386 6
1052 1345 1128 1398 μὲν
1158 1344 1230 1386 καὶ
1259 1343 1373 1402 τύχῃ

174 1402 247 1444 καὶ
270 1401 447 1456 δυνάμει
469 1401 677 1457 λαμπρὸς
704 1402 818 1445 ὥστε
846 1402 919 1444 καὶ
949 1404 1374 1459 θαλαττοκρατήσαι

264 1493 272 1502 .
307 1461 446 1516 τούτῳ
484 1460 755 1512 συνεβίωσεν
787 1460 1033 1515 Ἀνακρεων
1065 1460 1084 1503 6
1121 1460 1372 1515 μελοποιός·

173 1519 245 1561 καὶ
270 1518 319 1572 δὴ
343 1519 417 1561 καὶ
439 1522 569 1561 πᾶσα
592 1520 616 1572 ἡ
645 1518 821 1571 ποίησις
849 1519 1022 1574 πλήρης
1049 1519 1146 1562 ἐστὶ
1175 1523 1250 1573 τῆς
1271 1519 1372 1576 περὶ

170 1578 306 1619 αὐτοῦ
325 1577 506 1632 μνήμης.

233 1673 342 1711 Him.
373 1672 437 1710 Or.
466 1674 526 1712 31.
554 1674 577 1711 4
639 1669 690 1722 ἣν
722 1670 1014 1723 Πολυκράτης
1046 1669 1229 1723 ἔφηβος·
1273 1668 1294 1712 ὁ
1327 1668 1371 1713 δὲ

173 1726 468 1783 Πολυκράτης
515 1726 639 1773 οὗτος
688 1728 736 1769 οὐ
776 1727 994 1778 βασιλεὺς
1035 1727 1184 1782 Σάμου
1225 1727 1370 1782 μόνον,

171 1784 294 1826 ἀλλὰ
316 1785 389 1827 καὶ
412 1789 486 1837 τῆς
507 1784 772 1839 (Ελληνικῆς
800 1786 980 1838 ἁπάσης
1005 1786 1242 1839 θαλάσσης
1268 1784 1338 1842 ὑφ’
1355 1787 1371 1813 1

171 1844 219 1896 ἦς
241 1846 349 1897 νγαῖα
380 1842 578 1899 ὁρίζεται·
618 1844 638 1886 ὁ
669 1843 720 1897 δὴ
749 1847 854 1898 (γοῦν
882 1848 957 1898 τῆς
978 1843 1129 1886 Ῥόδου
1144 1845 1199 1898 (?)
1223 1846 1368 1886 Πολυ-

171 1902 334 1957 κράτης
354 1902 438 1958 ὴρα
459 1920 675 1956 μουσικης
707 1902 779 1945 καὶ
808 1905 968 1957 μελῶν,
992 1902 1065 1945 καὶ
1095 1901 1169 1945 τὸν
1197 1901 1369 1958 πατέρα

171 1960 315 2002 ἔπειθε
350 1962 607 2015 συμπρᾶξαι
644 1961 761 2003 αὐτῶ
798 1960 907 2017 πρὸς
944 1960 1019 2003 τὸν
1049 1965 1126 2014 τῆς
1157 1964 1370 2014 μουσικῆς

169 2017 323 2073 ἔρωτα.
386 2017 406 2061 ὁ
441 2018 484 2061 δὲ
517 2018 811 2075 Ἀνακρέοντα
847 2019 921 2062 τὸν
961 2018 1199 2072 μελοποιὸν
1238 2037 1366 2073 μετα-

173 2110 244 2134 122
