1526 2458
682 430 888 473 AAEOT

734 522 836 568 Βίος

244 600 346 637 Hdt.
381 602 416 640 7.
449 604 471 640 6
532 600 662 639 τοῦτο
696 597 739 639 δὲ
771 597 1178 653 Πεισιστρατιδέων
1208 597 1251 640 οἱ
1280 597 1384 640 ἀνα-

183 653 433 706 βεβηκότες
488 656 529 700 ἐς
582 655 746 703 Σοῦσα,
803 658 888 697 τῶν
944 674 989 698 τε
1041 657 1185 698 αὐτῶν
1240 655 1386 709 λόγων

183 712 384 768 ἐχόμενοι
417 716 503 756 τῶν
537 713 609 755 καὶ
642 713 682 755 οἱ
713 712 954 756 Ἀλευάδαι
993 715 1067 757 καὶ
1107 714 1161 768 δη
1194 732 1233 756 τι
1280 714 1387 770 πρὸς

184 770 383 813 τούτοισι
438 771 501 814 ἔτι
555 771 692 814 πλέον
740 771 1066 827 προσορέγοντό
1117 772 1168 821 οἱ,
1212 773 1387 844 ἔχοντες

182 827 515 885 Ὀνομάκριτον,
549 829 685 885 ἄνδρα
716 828 954 883 Ἀθηναῖον
991 829 1308 887 χρησμολόγον
1341 849 1387 873 τε

183 887 258 928 καὶ
300 887 505 939 διαθέτην
538 891 758 945 χρησμῶν
792 891 877 931 τῶν
912 889 1162 931 Μουσαίου.
1226 890 1386 940 (ιναβε-

182 945 385 998 βήκεσαν
435 946 521 1001 γιὶρ
572 947 650 999 τὴν
701 947 866 1019 ἔχθρην
921 948 1385 1003 προκαταλυσάμειοι·

181 1003 410 1058 ἐξηλάσθη
440 1003 525 1060 γὰρ
549 1004 634 1047 ὑπὸ
656 1004 912 1062 Ἱππάρχου
944 1024 1021 1047 του
1050 1006 1383 1060 Πεισιστράτου

183 1061 203 1103 ὸ
227 1061 545 1132 Ὀνομάκριτος
571 1065 618 1115 ἐξ
639 1062 908 1115 Αθηνεων,
889 1082 945 1106 επ
982 1064 1225 1120 αὐτοφώρω
1248 1063 1384 1109 ἁλοὺς

182 1118 268 1161 ὑπο
297 1121 455 1162 Λάσου
485 1124 561 1163 τοῦ
584 1120 832 1177 εΕρμιονεός
862 1122 1076 1175 ἐμποιέων
1105 1123 1146 1167 ἐς·
1176 1122 1230 1165 τὰ
1262 1124 1382 1164 Mov-

182 1177 314 1220 σαίου
357 1178 574 1235 χρησμόν,
610 1181 664 1224 ὡς
707 1179 753 1222 αἱ
795 1180 867 1222 ἐπὶ
908 1180 1086 1235 Λημνου
1121 1180 1384 1235 ἐπικείμενοι

181 1240 308 1289 νῆσοι
362 1237 649 1293 ἀφανιζοίατο
702 1238 816 1280 κατὰ
878 1257 952 1291 της
1003 1239 1253 1291 θαλάσσης·
1319 1238 1384 1280 διὸ

181 1295 377 1347 ἐξήλασέ
418 1314 491 1350 μιν
536 1294 556 1337 ὁ
582 1295 857 1353 ἫΙππαρχος
891 1296 1104 1352 πρότερον
1139 1297 1384 1354 χρεώμενος

181 1352 235 1393 τὰ
257 1355 475 1406 μάλιστα.
539 1354 637 1396 τότε
666 1354 711 1396 δὲ
740 1355 1011 1406 συιαναβας,
1034 1356 1144 1401 ὅκως
1176 1355 1383 1398 ἀπίκοιτο

181 1411 220 1456 ἐς
250 1412 358 1466 ὄψιν
388 1430 467 1465 την
488 1411 719 1462 βασιλέος,
743 1412 962 1484 λεγόντων
996 1416 1080 1456 τῶν
1110 1416 1381 1469 Πεισιστρα-

180 1468 332 1511 τιδέων
359 1470 457 1525 περὶ
489 1471 625 1513 αὐτοῦ
656 1471 839 1525 σεμνοὺς
867 1470 1027 1525 λόγους
1056 1472 1267 1527 κατελεγε
1297 1474 1382 1514 τῶν

181 1531 409 1583 Χρησμῶν·

238 1610 303 1645 Ar.
334 1609 441 1660 l'esp.
468 1610 571 1648 1410
603 1604 884 1658 (Φιλοκλέων
907 1605 982 1648 καὶ
1006 1605 1320 1662 Ἀρτόπωλις)·

237 1682 315 1721 (DI.
350 1680 430 1722 Μὰ
474 1678 556 1728 Δι’,
593 1678 697 1721 ἀλλ’
741 1679 933 1723 ἄκουσον
975 1682 1028 1735 ἥν
1068 1680 1111 1723 τί
1153 1680 1379 1734 σοι-δόξω

469 1738 625 1792 λέγειν.

351 1795 502 1842 Λᾶσός
525 1796 623 1838 ποτ’
648 1796 938 1839 ἀντεδίδασκε
962 1797 1036 1839 καὶ
1060 1795 1316 1850 Σιμωνίδης·

353 1853 488 1897 ἔπειθ’
510 1854 530 1897 ὁ
554 1858 703 1901 Λᾶσος
726 1854 859 1904 εἶπεν,
885 1855 1035 1910 ὀλίγον
1057 1874 1131 1909 μοι
1153 1855 1289 1909 μέλει.

236 1937 377 1973 Thom.
413 1936 519 1985 Mag.
550 1935 622 1973 l'it.
655 1935 767 1973 Pina,
831 1932 855 1984 ἡ
895 1930 940 1972 δὲ
978 1929 1146 1985 Μυρτὼ
1183 1930 1382 1984 ἐγαμήθη

179 1987 436 2045 Σκοπελίνῳ
473 1993 532 2044 τῷ
573 1990 759 2045 αὐλητῇ,
793 1988 837 2033 ὃς
869 1988 947 2042 τὴν
978 1988 1223 2042 αὐλητικὴν
1260 1988 1377 2031 διδά-

177 2066 298 2091 σκων
323 2047 395 2091 τὸν
424 2048 654 2101 Πίνδαρον,
670 2047 764 2090 ἐπεὶ
788 2046 872 2089 εἶδε
894 2046 1088 2101 μείζονος
1111 2048 1236 2101 ἕξεως
1260 2047 1379 2096 ὄντα,

181 2139 252 2162 222
