1526 2458
623 493 679 533 TI
687 493 1109 539 MOKPEONTOE

816 602 916 649 Βίος

321 703 445 741 Suid:
476 697 737 754 Τιμοκρέων·
786 698 964 748 Ῥόδιος,
1002 699 1192 754 κωμικὸς
1223 700 1299 743 καὶ
1331 700 1462 747 αὐτὸς

263 760 338 809 τῆς
361 755 551 814 ἀρχαίας
574 755 810 811 κωμωδίας.
873 757 1092 813 διεφέρετο
1122 758 1167 801 δὲ
1189 761 1297 815 πρὸς
1320 757 1460 814 Σιμω-

264 814 383 867 νίδην
416 815 489 857 τὸν
526 817 611 856 τῶν
647 818 793 869 μελῶν
828 815 1015 870 ποιητὴν
1047 817 1120 859 καὶ
1152 817 1462 867 Θεμιστοκλέα

262 873 335 916 τὸν
356 873 608 925 Ἀθηναῖον,
633 873 691 918 εἰς
714 872 761 915 ὃν
783 873 971 928 ἐξύφανε
1003 874 1150 930 ψόνγον
1175 874 1227 918 δι’
1249 876 1464 930 ἐμμελοῦς

261 931 376 979 τινὸς
418 949 677 985 ποιηματος.
739 931 913 989 ἔγραψε
955 932 999 975 δὲ
1040 932 1272 989 κωμῳδίαν
1319 934 1377 980 είς
1418 952 1464 976 τε

262 989 338 1032 τὸν
377 989 509 1033 αὐτὸν
551 990 864 1043 Θεμιστοκλέα
901 990 975 1033 καὶ
1012 991 1070 1038 εἰς
1108 977 1352 1047 Σιμωνίδην
1389 991 1464 1035 τὸν

260 1047 514 1102 μελοποιόν,
548 1048 622 1090 καὶ
655 1048 787 1090 ἄλλα.

318 1135 415 1173 Ath.
446 1137 503 1174 10.
533 1134 646 1175 415f
679 1136 745 1189 [π.
783 1134 1068 1189 ἀδηφαγίας]·
1106 1135 1180 1178 καὶ
1216 1135 1464 1192 Τιμοκρέων

263 1193 297 1235 δ’
321 1193 341 1236 ὁ
363 1192 526 1240 Ῥόδιος
549 1193 734 1247 ποιητὴς
756 1193 830 1235 καὶ
859 1193 1057 1247 ἀθλητὴς
1086 1192 1333 1240 πένταθλος
1355 1192 1463 1246 ἄδην

262 1253 400 1307 ἔφαγε
440 1252 515 1294 καὶ
555 1251 688 1299 ἔπιεν,
731 1252 786 1297 ὡς
828 1250 876 1294 τὸ
918 1252 993 1294 ἐπὶ
1034 1255 1110 1294 τοῦ
1152 1252 1296 1309 τάφου
1329 1253 1465 1295 αὐτοῦ

263 1310 520 1368 ἐπίγραμμα
555 1309 695 1362 δηλοῖ·

322 1392 486 1436 Πολλὰ
509 1393 620 1436 πιὼν
644 1392 718 1435 καὶ
740 1391 894 1435 πολλὰ
915 1392 1072 1449 φανγὼν
1095 1393 1168 1436 καὶ
1190 1391 1343 1436 πολλὰ
1365 1391 1462 1435 κάκ’

437 1451 570 1494 εἰπὼν

378 1509 636 1566 ἀνθρώπους
658 1512 804 1564 κεῖμαι
826 1510 1077 1566 Τιμοκρέων
1096 1508 1273 1556 Ῥόδιος.

264 1594 567 1652 Θρασύμαχος
599 1594 634 1636 δ’
656 1594 677 1637 ὁ
710 1594 1013 1647 Χαλκηδόνιος
1047 1595 1090 1638 ἕν
1121 1613 1203 1638 τινι
1233 1597 1319 1638 τῶν
1346 1596 1462 1650 Προ-

262 1655 414 1707 οιμίων
436 1654 509 1696 τὸν
532 1653 828 1708 Τιμοκρέοντά
851 1658 988 1708 φησιν
1018 1654 1072 1699 ὡς
1097 1653 1236 1708 μέγαν
1263 1652 1462 1704 βασιλέα

263 1711 528 1768 ἀφικόμενον
568 1713 644 1754 καὶ
685 1712 951 1766 ξενιζόμενον
1001 1712 1105 1767 παρ’
1148 1712 1266 1768 αὐτῷ
1310 1709 1463 1753 πολλὰ

263 1770 564 1826 ἐμφορεῖσθαι.
627 1769 873 1822 πυθομένου
922 1769 967 1812 δὲ
1009 1773 1086 1813 τοῦ
1125 1769 1354 1821 βασιλέως
1394 1769 1461 1812 ὅτι

262 1828 352 1870 ἀπὸ
375 1828 540 1870 τούτων
563 1829 802 1882 ἐργάζοιτο,
822 1828 918 1871 εἶπε
939 1830 1128 1884 Περσῶν
1143 1827 1461 1882 ἀναριθμήτους

263 1884 528 1943 συγκόψειν.
591 1887 664 1928 καὶ
698 1889 750 1941 τῇ
784 1886 995 1945 ὑστεραία
1024 1885 1224 1932 πολλοὺς
1255 1885 1354 1928 καθ’
1387 1885 1461 1928 ἕνα

263 1962 446 1997 νικησας
467 1943 577 1997 μετὰ
601 1947 730 1986 τοῦτο
748 1943 1072 2015 ἐχειρονόμησε.
1131 1943 1459 1998 πυνθανομένου

264 2002 308 2044 δὲ
334 2003 413 2055 τὴν
441 2001 671 2058 πρόφασιν
700 2001 1028 2045 ὑπολείπεσθαι
1056 2003 1139 2059 ἔφη
1165 2001 1399 2049 τοσαύτας,
1424 2001 1461 2043 εἰ

261 2060 439 2115 προσίοι
462 2078 539 2108 τις,
562 2059 753 2114 πληνγας.

260 2138 338 2182 418
