1511 2458
551 182 699 220 LYRA
739 183 963 220 GRAECA

729 290 778 327 88

195 350 318 383 Choer.
342 352 371 382 1.
389 352 441 383 82.
489 351 575 384 Bek.
596 353 664 384 An.
685 353 715 384 3.
740 353 820 387 1397

648 415 696 455 Μ
702 413 860 469 εσόνυξ

153 488 356 528 Μεσόνυχος·
397 488 443 521 εἷς
473 491 538 520 τῶν
571 490 653 520 ἑπτὰ
691 493 866 528 πλανητῶν
898 490 982 531 παρὰ
1019 492 1089 522 τοῖς
1130 490 1356 531 Πυθαγορείοις

151 532 351 573 ὀνομάζεται·
377 533 534 573 μέμνηται
553 534 764 576 Στησίχορος.

730 631 778 669 89

195 691 272 723 ‚Se-h.
294 692 362 733 Ap.
381 691 448 723 Rh.
469 694 497 724 4.
519 692 582 726 973

617 752 880 809 ὀρείχαλκος

151 827 234 859 εἶδος
249 829 380 868 χαλκοῦ
407 855 414 862 .
441 853 447 859 .
476 853 482 859 .
511 829 701 868 μνημονεύει
719 828 770 860 καὶ
790 828 992 869 Στησίχορος
1010 829 1060 860 καὶ
1078 828 1294 868 Βακχυλίδης.

730 942 779 980 90

196 1003 300 1035 Phot.
321 1004 393 1034 412.
416 1004 454 1034 ‘21

649 1055 865 1113 πέποσχα

152 1131 299 1170 Δωριέων
316 1130 399 1162 τινὲς
417 1129 523 1171 τούτῳ
540 1130 730 1171 κέχρηνται,
752 1130 793 1162 ὧν
811 1131 861 1162 καὶ
880 1130 1081 1172 Στησίχορός
1101 1132 1200 1163 ἐστιν.

729 1228 775 1266 91

196 1288 264 1320 Str.
299 1292 327 1320 8.
357 1290 421 1321 356
469 1289 673 1329 Στησίχορον
702 1289 734 1320 δὲ
762 1292 873 1320 καλεῖν
901 1288 998 1320 πόλιν
1023 1291 1084 1328 τὴν
1113 1290 1222 1331 χώραν
1254 1291 1360 1323 Πίσαν

154 1332 346 1373 λεγομένην,
367 1335 407 1365 ὡς
425 1335 440 1364 ὁ
459 1335 594 1373 ποιητὴς
611 1335 672 1372 τὴν
687 1334 817 1370 Λέσβον
835 1333 982 1375 Μάκαρος
1001 1332 1107 1366 πόλιν.

729 1444 777 1482 92

199 1514 276 1545 Sch.
306 1515 367 1545 Ar.
398 1516 462 1547 Αυ.
494 1516 576 1547 1302
622 1515 781 1554 πηνέλοψ·
814 1513 917 1557 νήττῃ
941 1514 1001 1554 μέν
1026 1516 1116 1546 ἐστιν
1144 1514 1252 1553 ὅμοιον
1274 1527 1358 1556 περι-

158 1560 276 1599 στερᾶς
294 1558 327 1589 δὲ
345 1558 493 1598 μέγεθος·
519 1560 678 1598 μέμνηται
696 1559 729 1590 δὲ
748 1560 845 1590 αὐτοῦ
863 1559 1063 1600 Στησίχορος
1083 1559 1132 1590 καὶ
1145 1558 1302 1600 Ἴβυκος.1

651 1619 867 1676 πανέλοψ

727 1723 778 1760 93

197 1783 310 1815 Uram.
334 1783 420 1815 A.O.
446 1784 472 1814 l.
497 1784 566 1815 192.
591 1784 605 1814 l
654 1785 669 1813 ὁ
686 1783 767 1823 ’γοῦν
784 1783 987 1824 Στησίχορός
1004 1790 1085 1824 φησι

655 1843 854 1897 ποταύδη

152 1921 169 1951 ἲ)
188 1917 280 1959 λέγει
299 1922 313 1950 ὁ
331 1920 467 1958 ποιητὴς
484 1919 659 1961 προσηύδα.

395 2038 406 2058 ¹
424 2039 521 2081 perh.
542 2040 560 2077 ἢ
574 2038 714 2078 Ἴβυκος,
736 2038 778 2071 cf.
800 2039 896 2082 Ibyc.
918 2041 949 2079 4,
970 2040 1043 2072 Alc.
1068 2042 1125 2073 141

159 2123 206 2160 74
