1526 2458
646 167 793 204 LYRA
834 166 1059 204 GRAECA

815 281 892 319 224

289 352 367 384 Seh.
394 353 442 384 Il.
467 353 497 383 9.
522 354 586 384 586
611 353 745 393 [ἑταῖροι
768 351 772 392 Ι
793 353 825 383 o'l
847 352 876 382 οἷ
899 350 1087 383 κεδνότατοι
1112 352 1162 383 καὶ
1188 351 1342 392 φίλτατοι
1367 350 1451 388 ἦσαν

246 396 421 437 &mim-mv]-
454 396 650 428 κεδνότατον
682 396 732 427 ὅτι
749 395 1027 436 σωφρονέστατοι·
1060 398 1075 426 ὁ
1094 395 1126 427 δὲ
1146 395 1318 435 Σιμωνίδης

763 463 936 510 κέδνους

245 525 321 557 τοὺς
338 524 464 566 φίλους.

817 621 894 659 225

289 692 380 724 Ibid.
399 694 451 725 24.
469 693 532 723 22³5
550 691 760 733 [φωριαμῶν]
790 690 1006 733 Ἀρίσταρχος
1023 690 1057 722 δέ
1074 697 1155 731 φησι
1172 690 1234 727 τὴν

754 759 948 813 κιβωτόν

246 844 334 885 λέξιν
358 844 515 885 νεωτέραν
539 844 627 883 εἶναι,
655 845 770 885 ἀγνοεῖ
794 844 826 875 δὲ
853 844 902 875 ὅτι
927 842 978 876 καὶ
1004 844 1178 883 Σιμωνίδης
1206 843 1256 875 καὶ
1283 845 1451 875 Ἑκαταῖος

246 890 404 929 μέμνηται
422 891 530 927 αὐτῆς.

817 1020 893 1058 226

289 1090 403 1123 Cram.
431 1091 517 1122 As).
546 1092 575 1123 1.
600 1091 675 1122 424.
703 1091 741 1122 15
786 1090 828 1121 τὰ
852 1090 898 1122 εἷς
921 1102 977 1122 τος
1002 1087 1190 1126 δισύλλαβα
1213 1086 1446 1131 ἀπαρασχημά-

246 1147 345 1210 τισῖςα
368 1135 490 1175 ἔχοντα
514 1136 548 1166 ἐν
563 1137 601 1177 τῇ
627 1135 688 1176 πρὸ
711 1134 828 1166 τέλους
850 1135 889 1165 τὸ
913 1147 940 1176 ρ,
960 1133 1144 1175 βαρύνεται·
1174 1132 1300 1175 κύρτος,
1322 1131 1449 1174 Μύρτος

247 1193 266 1218 η
284 1193 306 1210 π
328 1185 390 1218 λις,

750 1228 927 1286 σκίρτος
943 1230 959 1256 ¹

245 1306 330 1347 παρὰ
348 1306 503 1348 Σιμωνίδῃ
521 1306 540 1344 ἦ
561 1308 690 1347 χρῆσις.

817 1464 892 1502 227

288 1536 380 1567 E.Jl.
397 1535 471 1567 692.
490 1534 532 1565 ‘25
577 1533 695 1575 πρῴρα·
727 1534 786 1566 σὺν
802 1537 846 1573 τῷ
867 1547 874 1564 ι
900 1558 906 1564 .
936 1558 942 1564 .
974 1558 980 1564 .
1009 1533 1072 1565 ἀπό
1095 1546 1132 1564 τε
1154 1535 1214 1571 τῆς
1233 1531 1448 1573 ἐτυμολογίας

246 1580 308 1611 ἀπὸ
331 1580 389 1611 τοῦ
413 1577 555 1620 προϊέναι
580 1579 630 1609 καὶ
654 1579 716 1610 ἀπὸ
740 1579 799 1615 τῆς
827 1576 1039 1610 διαστάσεως·
1073 1579 1184 1615 ἐπειδὴ
1207 1577 1338 1619 εὕρηται
1365 1577 1449 1609 κατὰ

247 1623 419 1655 διάστασιν
432 1625 472 1654 ὡς
488 1622 572 1663 παρὰ
588 1626 632 1662 τῷ
646 1624 762 1664 ποιητῇ
777 1621 1030 1664 κυανοπρω“ι’”ρους
1047 1623 1097 1653 καὶ
1114 1622 1198 1663 παρὰ
1214 1625 1259 1661 τῷ
1278 1621 1435 1663 Σιμωνίδῃ

686 1697 1022 1755 κυανοπρώϊραν

244 1792 284 1822 τὸ
308 1791 342 1822 δὲ
366 1797 486 1832 πρωϊρα
510 1792 538 1822 οἷ
560 1789 620 1830 μὲν
643 1791 693 1822 διὰ
715 1792 773 1821 τοῦ
796 1805 805 1821 ι
827 1788 994 1830 λέγουσιν,
1015 1791 1055 1822 ὡς
1075 1790 1137 1821 ἀπὸ
1154 1789 1211 1820 τοῦ
1228 1793 1346 1831 πρῷρα,
1366 1789 1449 1821 κατὰ

245 1836 418 1868 διάστασιν
442 1836 500 1867 τοῦ
526 1848 535 1866 ι
561 1835 692 1876 πρώϊρα,
720 1836 736 1865 ὁ
766 1834 799 1865 δὲ
825 1834 1015 1874 Ἡρωδιανὸς
1047 1835 1097 1866 διὰ
1128 1835 1187 1871 τῆς
1215 1846 1241 1864 ει
1270 1832 1449 1875 διφθόγγου

245 1879 364 1921 γράφει
381 1879 458 1920 πρὸς
474 1880 532 1911 τὸν
549 1880 741 1920 χαρακτῆρα
755 1880 820 1909 τῶν
837 1879 887 1909 διὰ
903 1880 961 1909 τοῦ
979 1890 1057 1920 ειρα.

650 2008 663 2029 1
689 2009 812 2042 Heck:
837 2018 910 2041 mss
927 2007 1034 2050 κίρτος

246 2137 326 2172 414
