1511 2458
568 173 714 210 LYRA
757 172 982 209 GRAECA

230 278 372 328 Porph.
400 279 497 315 Hor.
520 278 588 315 Osl.
610 280 640 316 1.
659 280 718 318 27.
740 280 758 317 1
799 278 934 327 [Natis
955 281 996 314 in
1017 291 1133 315 usum
1154 278 1378 328 laetitiae]:

172 336 421 383 protreptice
442 333 518 370 ode
541 338 604 370 est
623 333 723 370 haec
743 333 794 370 ad
816 333 1077 379 hilaritatem,
1098 336 1210 370 cuius
1239 345 1379 370 sensus

172 393 356 438 sumptus
378 393 440 425 est
460 389 510 424 ab
533 388 790 425 Anacreonte
813 401 861 425 ex
882 388 985 424 libro
1006 390 1140 425 tertio.

229 508 305 546 See
335 509 418 546 also
440 509 548 547 Serv.
576 509 676 548 Ceut.
698 509 815 549 Μείν.
839 509 906 548 Gr.
929 509 1013 546 Lat.
1037 510 1070 548 4.
1095 511 1169 549 458
1199 509 1250 556 ffi,
1272 510 1378 549 Vict.

176 563 276 600 Ibid.
310 566 342 602 6.
376 566 421 601 81
446 565 498 610 ff.,
531 564 641 602 Caes.
675 565 785 601 Bass.
820 564 921 601 Ibid.
959 565 1032 603 259
1053 564 1106 610 ΗΣ,
1139 564 1238 602 Plot.
1276 565 1376 602 Ibid.

175 619 249 657 514
280 618 331 664 ff„
361 620 449 665 536,
480 619 575 656 Α.Ρ.
609 620 641 657 7.
675 620 814 664 23-33,
846 621 880 658 9.
916 620 1000 664 184,
1030 620 1117 665 571,
1148 621 1236 666 599,
1266 619 1376 657 Antlz.

415 806 870 852 ANAKPEONTOE
914 809 1135 850 ΜΕΛΩΝ

759 909 803 946 Α,

619 999 636 1035 l
698 999 746 1038 εἷς
768 996 947 1047 ’Ἄρτεμιν

219 1068 334 1109 Heph.
367 1081 398 1099 π.
431 1069 539 1107 ποίημ.
574 1068 635 1099 128
682 1069 787 1099 κοινὸν
818 1066 854 1098 δέ
886 1070 956 1099 ἐστι
990 1068 1072 1100 κατὰ
1104 1065 1224 1108 σχέσιν
1254 1069 1294 1100 τὸ
1325 1067 1378 1100 δύο

173 1113 379 1151 συστήμασιν
415 1113 647 1144 ὑποπεπτωκὺς
682 1113 828 1151 (ποίημα)
876 1111 1017 1153 καθάπερ
1054 1113 1094 1143 τὸ
1131 1115 1257 1154 πρῶτον
1288 1115 1377 1144 Ἀνα-

175 1158 325 1198 κρέοντος
343 1157 440 1199 ᾆσμα·

609 1237 625 1247 Α
702 1233 711 1247 ι
764 1233 773 1246 ‚
818 1235 826 1248 ,
1003 1233 1011 1246 1

465 1237 709 1288 Γουνουμαι
733 1253 761 1275 σ
779 1269 785 1285 ,
807 1235 1068 1290 ελαφηβολε

465 1292 602 1348 ξανθὴ
624 1295 710 1334 παῖ
729 1291 844 1340 Διός,
867 1292 1028 1348 ἀγρίων

523 1351 718 1393 δέσποιν’
742 1351 927 1406 ”Αρτεμι
949 1351 1105 1407 θηρῶν,

463 1411 490 1464 ἥ
512 1427 590 1452 κου
613 1413 686 1452 νῦν
709 1408 781 1451 ἐπὶ
804 1410 1004 1460 Ληθαῖου

421 1481 441 1510 5
464 1467 608 1522 δίνῃσι
631 1466 968 1523 θρασυκαρδίων

465 1527 631 1581 ἀνδρῶν
652 1527 895 1584 ἐσκατορᾴς
916 1525 1050 1568 πόλιν

463 1583 683 1642 χαίρουσ’·
718 1585 766 1625 οὐ
789 1583 874 1636 γὰρ
896 1584 1133 1639 ἀνημέρους

519 1642 764 1698 ποιμαίνεις
787 1642 1040 1696 πολιήτας.1

169 1737 250 1768 κατὰ
266 1735 325 1775 μὲν
346 1736 409 1777 γὰρ
429 1735 489 1772 τὴν
506 1737 562 1766 νῦν
585 1734 714 1766 ἔκδοσιν
736 1733 923 1766 ὀκτακωλός
949 1735 1040 1766 ἐστιν
1063 1734 1083 1773 ἡ
1109 1735 1238 1776 στροφὴ
1261 1736 1313 1768 καὶ
1337 1735 1377 1767 τὸ

170 1780 258 1820 ἇσμά
283 1782 354 1812 ἐστι
377 1779 646 1821 μονοστροφικόν·
681 1778 812 1809 δύναται
840 1778 873 1809 δὲ
899 1779 949 1810 καὶ
977 1778 1092 1820 ἑτέρως
1119 1781 1305 1821 διαιρεῖσθαι
1331 1781 1376 1812 εἵς

170 1838 206 1856 τε
235 1824 347 1866 τριάδα
375 1826 424 1857 καὶ
454 1823 597 1855 πεντάδα
629 1824 648 1862 ἦ
682 1822 822 1863 στροφὴ,
849 1824 933 1854 ὥστε
966 1825 1195 1864 Φερεκρατεΐον
1226 1823 1306 1855 εἶναι
1336 1825 1376 1856 τὸ

169 1872 359 1900 τελευταῖον
376 1871 434 1901 τοῦ
452 1867 662 1907 συστήματος
678 1869 737 1899 τοῦ
759 1869 795 1898 ἐκ
817 1869 882 1898 τῶν
904 1869 999 1908 τριῶν
1023 1868 1138 1898 κώλων
1162 1867 1213 1899 καὶ
1232 1869 1376 1906 <τοῦ>

170 1916 235 1945 τῶν
251 1912 378 1945 πέντε.2

212 2024 225 2043 ¹
252 2025 330 2056 H.’s
354 2024 502 2056 citation
526 2023 612 2055 ends
636 2023 723 2054 with
749 2025 849 2063 θηρῶν
875 2022 908 2060 (l.
930 2023 963 2061 3)
988 2023 1038 2054 καὶ
1064 2023 1105 2054 τὰ
1130 2023 1224 2064 ἑξῆς;
1249 2022 1284 2054 ll.
1310 2024 1374 2056 4-8

171 2068 257 2100 from
284 2068 361 2101 sch.
468 2067 481 2087 ²
506 2067 700 2100 Caesar-E:
726 2077 796 2098 mss
820 2067 839 2104 ἢ
863 2069 929 2098 τῶν
952 2067 1050 2098 πέντε

178 2143 250 2190 136
