1511 2458
518 182 667 219 LYRA
707 182 932 220 GRAECA

119 287 256 329 ἄφροσιν
281 288 441 320 ἐντίκτειν
466 289 516 319 καὶ
536 288 778 328 περιμαχήτους
803 289 892 326 εἶναι,
914 289 1021 325 ὥσπερ
1044 290 1082 320 τὸ
1105 290 1164 326 τῆς
1190 287 1325 326 Ἑλένης

120 334 254 362 εἴδωλον
277 333 336 363 ὑπὸ
359 335 425 363 τῶν
444 334 476 362 ἐν
492 333 586 373 Τροίᾳ
612 331 815 373 Στησίχορός
837 340 917 373 φησι
933 330 1086 373 γενέσθαι
1102 331 1326 374 περιμάχητον

121 375 232 417 ἀγνοίᾳ
250 377 309 413 τῆς
326 377 491 414 ἀληθοῦς;

167 444 248 475 Zon.
288 446 369 477 1338
399 445 516 483 μάτηιν
555 446 627 477 ἀντὶ
658 448 717 476 τοῦ
748 446 899 485 ματαίως·
941 447 1003 477 ἀπὸ
1029 449 1086 478 τοῦ
1112 447 1252 484 θηλυκοῦ
1280 445 1326 477 εἷς

122 488 286 529 ἐπίρρημα’
315 489 527 530 Στησίχορος·
553 489 657 529 μάτας
674 490 795 521 εἶπον.1

164 556 313 588 Aristid.
348 558 378 588 ’2.
414 558 478 591 572
524 558 574 589 καὶ
607 559 710 589 ταῦτα
740 557 800 598 μὲν
831 559 869 595 δὴ
900 561 1016 590 ταῦτα.
1062 558 1188 598 μέτειμι
1220 560 1245 589 δ’
1277 558 1326 598 ἐφ’

121 600 231 641 ἕτερον
254 601 418 641 προοίμιον
442 602 523 633 κατὰ
548 602 762 642 Στησίχορον·
794 605 989 642 σκιαμαχεῖν
1014 603 1073 642 μὲν
1099 602 1154 634 οὖν
1179 615 1244 634 πως
1270 601 1327 633 οἶδ’

121 645 170 675 ὅτι
195 646 252 675 δεῖ·
279 647 356 686 πρὸς
382 646 434 678 οὓς
458 646 520 686 γὰρ
545 645 711 685 εἰρήσεται
734 647 774 678 τὰ
797 646 961 687 λεγόμενα
985 648 1047 685 οὐχ
1070 647 1214 684 ἥκουσιν·
1241 647 1326 678 ὥστε

121 689 291 727 συμβαίνει
319 689 383 729 ἅμα
406 690 465 729 μὲν
493 690 617 729 σχεδὸν
644 691 752 731 ὥσπερ
779 690 818 721 ἂν
843 691 888 722 εἷς
915 690 1022 730 μάτην
1049 690 1221 731 γίγνεσθαι
1250 691 1328 723 τοὺς

120 731 249 772 λόγους,
285 732 349 773 ἅμα
387 736 411 764 δ’
453 733 530 765 εἶναι
570 734 783 774 σαφέστατον
815 735 855 766 ὡς
887 734 984 775 ὀρθῶς
1015 735 1066 766 καὶ
1099 732 1327 774 προσηκόντως

121 776 312 817 εἰρήσονται.
364 776 498 809 αὐτόθεν
521 775 583 817 γάρ
608 791 668 809 που
692 777 839 819 φανερόν,
861 779 910 809 ὅτι
928 780 963 811 οὐ
987 780 1025 810 τὸ
1042 778 1201 819 ἡμέτερον
1224 780 1327 810 αἴτιον

121 823 195 852 οὔτε
222 822 276 852 νῦν
301 823 376 852 οὔτε
400 821 525 852 ἄλλοτε
553 822 693 861 πώποτε,
725 822 895 854 σὺν’θεοΐς
919 823 1031 862 εἰπεῖν,
1060 822 1136 854 ἀλλ’
1161 823 1182 861 ἦ
1204 835 1329 854 τουτων

121 867 190 906 περὶ
208 865 313 897 πάντα
330 867 469 904 συνηθὴς
486 866 631 907 ῥᾳθυμία.

166 934 506 967 Plat.Pl1aedr.‘243
517 946 537 966 a
576 935 644 975 ἐμοὶ
661 934 720 976 μὲν
737 935 802 974 οὖν,
824 935 846 967 ὦ
866 935 956 977 φίλε,
977 935 1172 977 καθήρασθαι
1189 934 1326 988 ἀνάγκη·

121 977 212 1009 ἔστιν
237 979 270 1010 δὲ
295 982 363 1011 τοῖς
388 978 606 1021 ἁιιαρτάνουσι
630 981 700 1019 περὶ
728 980 927 1020 μυθολογίαν
951 981 1109 1021 καθαρμὸς
1133 980 1268 1021 ἀρχαῖος
1291 980 1329 1011 ὃν

115 1022 258 1062 '‘Optnpos
295 1023 355 1062 μὲν
390 1024 446 1056 οὐκ
485 1022 613 1066 ᾔσθετο
651 1024 854 1065 Στησίχορος
891 1026 935 1055 δέ.
986 1027 1051 1055 τῶν
1082 1023 1144 1065 γὰρ
1176 1023 1330 1063 ὀμμάτων

123 1069 288 1106 στερηθεὶς
305 1068 355 1098 διὰ
367 1069 428 1106 την
434 1067 570 1104 Ελένης
589 1068 800 1125 κακηγορίαν
801 1068 857 1100 οὐκ
874 1067 1074 1108 ἠγνόησεν“
1055 1080 1163 1110 ωσπερ
1169 1066 1324 1107 ”Ομηρος,

121 1111 199 1142 ἀλλ
218 1110 275 1141 ἅτε
299 1113 453 1150 μουσικὸς
477 1113 518 1143 ὢν
544 1112 627 1152 ἔγνω
651 1113 712 1150 τὴν
736 1111 850 1150 αἰτίαν,
872 1112 922 1143 καὶ
944 1115 1029 1143 ποιεῖ
1045 1112 1145 1144 εὐθύς·
1172 1113 1238 1143 Οὐκ
1259 1111 1328 1143 ἔστ’

122 1155 238 1194 ἔτυμος
263 1163 364 1188 κ.τ.λ.
397 1181 402 1186 .
430 1181 435 1186 .
468 1181 475 1187 .
501 1157 551 1187 καὶ
572 1156 709 1193 ποιήσας
730 1158 767 1194 δὴ
789 1158 897 1188 πᾶσαν
913 1157 974 1194 τὴν
991 1156 1193 1196 καλουμένην
1209 1161 1328 1188 Παλιν-

122 1200 219 1240 ῳόίαν
235 1199 432 1241 παράχρημα
449 1200 642 1242 ἀνέβλεψεν.

180 1268 323 1320 μάτας
345 1268 482 1310 εἶπον·
506 1268 674 1323 μέτειμι
698 1267 732 1310 δ’
756 1268 822 1324 ἐφ’
846 1270 991 1325 ἕτερον
1013 1268 1274 1325 προοίμιον.2

182 1327 260 1368 οὐκ
282 1326 373 1368 ἔστ’
395 1327 550 1379 ἔτυμος
569 1326 704 1381 λόγος
726 1327 864 1372 οὗτος·

182 1384 270 1426 οὐδ’
291 1385 400 1435 ἔβας
422 1386 465 1428 ἐν
488 1386 643 1428 ναυσὶν
665 1385 911 1440 εὐσέλμοις,

184 1442 270 1485 οὐδ’
296 1442 384 1486 ἵκεο
407 1443 614 1500 πέργαμα
634 1443 801 1498 Τροίας.

547 1572 673 1609 19-20
728 1570 914 1621 Ἐριφύλα

170 1641 335 1683 Apollod.
361 1644 388 1673 3.
422 1643 469 1674 10.
498 1643 517 1673 3
543 1643 586 1681 (3
616 1643 689 1680 121)
737 1640 828 1682 εἷρον
854 1641 888 1673 δέ
916 1655 1004 1674 τινας
1033 1642 1231 1682 λεγομένους
1257 1643 1329 1674 ἀνα-

127 1688 243 1722 στῆναι
262 1688 311 1717 ὑπ’
329 1687 427 1718 αὐτοῦ
446 1688 674 1726 (Ἀσκληπιόυ)
693 1686 843 1717 Καπανέα
868 1687 916 1718 καὶ
936 1688 1128 1727 Λυκοῦργον,
1150 1689 1190 1719 ὡς
1211 1688 1328 1725 Στησί-

129 1729 224 1771 χορός
242 1737 342 1771 φησιν
359 1731 392 1761 ἐν
409 1729 577 1772 Ἐριφύλῃ,
599 1733 802 1762 Ἱππόλυτον.
833 1754 840 1762 .

173 1841 184 1861 ¹
208 1843 244 1881 E,
270 1843 348 1873 (LI-2³.
371 1843 473 1874 1921:
498 1852 567 1873 mss
592 1842 708 1873 εἰπών;
735 1840 778 1872 cf.
805 1841 872 1873 Vct.
898 1841 934 1872 lz'.
956 1841 1001 1872 M.
1026 1842 1090 1872 :212
1112 1840 1216 1880 μάτας
1241 1841 1330 1873 εἶπεν

128 1885 141 1904 ²
166 1889 225 1917 not
244 1886 278 1917 in
298 1886 400 1917 Plato
417 1898 424 1923 ;
450 1885 503 1917 for
520 1889 631 1917 metre
649 1885 691 1917 cf.
713 1887 754 1915 54

173 2036 185 2056 ¹
210 2037 252 2069 cf.
275 2038 341 2069 Dio
365 2037 488 2079 Chrys.
516 2038 565 2068 ll.
589 2038 632 2068 40
657 2039 708 2073 (ἐν
731 2038 770 2077 τῇ
797 2037 933 2076 ὕστερον
957 2037 1032 2077 ᾠδῇ,
1056 2035 1112 2066 ‘in
1137 2035 1198 2067 the
1221 2035 1330 2067 latter

129 2082 272 2123 poem⁷),
288 2081 451 2113 philostr.
467 2082 576 2122 Apoll.
592 2082 623 2112 6.
636 2082 645 2111 l
660 2082 682 2111 1.
696 2091 728 2124 p.
741 2081 805 2112 246
816 2079 982 2122 (πρότερος
993 2080 1118 2122 λόγος),
1135 2079 1281 2112 Aristid.
1298 2081 1325 2112 l.

129 2157 180 2192 44
