1526 2458
576 186 723 224 LYRA
765 186 989 224 GRAECA

177 297 311 330 λεγεται
329 290 361 322 δὲ
381 292 414 321 ἐν
430 293 468 333 τῇ
490 291 627 333 Καρθαίᾳ
644 293 852 332 διατρίβοντα
869 291 967 323 αὐτὸν
981 289 1144 323 διδάσκειν
1156 290 1232 324 τοὺς
1249 290 1378 334 χορούς·

177 335 255 365 εἶναι
287 334 320 366 δὲ
351 336 390 366 τὸ
419 338 592 376 χορηγεῖον
623 335 686 366 ἄνω
718 336 796 374 πρὸς
823 336 1029 367 Ἀπόλλωνος
1062 336 1134 375 ἱερῷ
1165 336 1289 375 μακρὰν
1319 337 1379 373 τῆς

177 378 358 415 θαλάσσης·
386 379 570 419 ὑδρεύεσθαι
588 379 643 411 οὖν
657 379 707 410 καὶ
726 379 801 410 τοὺς
818 379 943 411 ἄλλους
957 380 1007 410 καὶ
1022 379 1098 410 τοὺς
1114 380 1184 419 περὶ
1202 379 1374 419 Σιμωνίδηι

177 423 330 461 κάτωθεν,
350 422 423 454 ἔνθα
440 423 479 461 ἦν
497 424 515 460 ἡ
534 423 644 465 κρήνη.
693 422 940 462 ἀνακομίζοντος
958 424 982 455 δ’
1000 424 1111 454 αὐτοῖς
1132 424 1170 454 τὸ
1193 425 1273 464 ὕδωρ
1291 423 1376 457 ὄνου

175 468 213 498 ον
239 466 378 498 ἐκάλουν
401 468 526 499 Ἐπειὸν
550 468 599 498 διὰ
623 468 660 498 τὸ
683 469 932 507 μυθολογεῖσθαι
956 480 1055 498 ‘rom-o
1079 468 1155 507 δρᾶν
1180 468 1302 499 ἐκεῖνον
1327 467 1379 498 καὶ.

176 510 419 569 ἀναγεγράφθαι
445 514 478 543 ἐν
502 514 549 551 τῷ
571 525 629 542 του
654 511 860 543 ’Λπόλλωνος
885 512 959 552 ἱερῷ
978 512 1037 542 τὸν
1055 511 1195 551 Τρωϊκὸν
1215 513 1324 550 μυθον,
1347 513 1380 543 ἐν

176 560 199 596 ᾠ
238 559 254 587 ὃ
288 556 413 587 Ἐπειὸς
454 557 622 596 ὑδροφορεῖ
657 559 726 589 τοῖς
765 555 940 597 Ἀτρείδαις
965 581 971 587 .
1003 577 1009 584 .
1039 579 1045 586 .
1075 554 1288 594 ὑπαρχόντων
1325 555 1380 587 οὖν

176 599 300 632 τούτων
323 600 486 638 ταχθῆναί
510 607 590 640 φασι
613 601 660 639 τῷ
685 601 729 639 μὴ
757 599 1024 656 παραγιγιομένῳ
1050 601 1114 629 τῶν
1140 601 1308 640 χορευτῶν
1334 600 1380 630 εἷς

176 645 237 681 τὴν
253 642 431 684 ὡρισμένην
454 645 535 685 ὥραν
556 645 713 683 παρέχειν
736 648 781 683 τῷ
808 643 867 683 ὄνῳ
894 643 1021 683 χοίνικα
1045 644 1168 683 κριθῶν.
1216 644 1308 674 τοῦτ’
1324 643 1380 675 οὐν

177 689 236 719 κάν
258 690 306 728 τῷ
328 686 480 725 ποιήματι
505 686 671 727 λέγεσθαι,
694 688 744 718 καὶ
768 688 848 719 εἶναι
871 688 931 719 τον
953 690 1012 727 μὲν
1035 687 1070 718 οὐ
1096 684 1236 727 φέροντα
1258 687 1298 718 τὺ
1321 688 1380 718 τυῦ

174 732 327 772 τέττιγος
345 731 461 762 ἄεθλον
477 734 536 763 τὸν
553 733 609 763 οὐκ
626 729 782 763 ἐθελοντα
798 731 897 774 ᾄδειν,
902 731 914 750 Ῑ
927 729 1151 768 Πανοπηϊάδην
1168 730 1200 762 δὲ
1217 730 1309 761 τὸν”
1293 743 1376 770 υνον,

174 777 260 816 μέγα
277 775 309 807 δὲ
328 777 454 807 δεῖπνον
470 777 530 814 τὴν
547 776 675 816 χοίνικα
691 779 756 806 τῶν
773 778 897 817 κριθῶν.

739 948 813 986 115

219 1017 312 1049 Plut.
336 1019 444 1050 Cohib.
466 1019 526 1049 Ira
545 1019 564 1050 6
612 1019 663 1049 καὶ
689 1019 705 1048 ὁ
732 1017 885 1058 Μαρσύας
910 1019 950 1049 ὡς
974 1016 1055 1049 ἔοικε
1081 1015 1217 1059 φορβείᾳ
1241 1017 1302 1049 τινὶ
1329 1017 1380 1048 καὶ

176 1062 393 1102 περιστομίοις
417 1062 474 1103 βίᾳ
500 1064 558 1093 τοῦ
584 1062 764 1101 πνεύματος
786 1063 825 1094 τὸ
851 1064 1005 1103 ῥαγδαῖον
1031 1063 1226 1103 ἐγκαθεῖρξε,
1246 1062 1297 1093 καὶ
1321 1063 1380 1093 τοῦ

176 1119 345 1146 προσωπου
363 1105 589 1145 κατεκόσμησε
608 1108 658 1138 καὶ
677 1104 838 1148 ἀπέιρυψε
855 1107 916 1144 την
933 1105 1128 1145 ἀνωμαλίαν·

234 1179 389 1231 χρυσῶ
412 1175 448 1217 δ’
471 1175 699 1229 αἰγληεντι
723 1193 1002 1230 συνηρμοσεν
1016 1172 1352 1231 2αμφιδασείας

234 1232 399 1289 κόρσας
456 1234 529 1276 καὶ
587 1232 733 1288 στόμα
789 1233 963 1290 λαβρὸν
1022 1232 1379 1275 ὀπισθοδέτοισιν

352 1291 521 1346 ιμᾶσιν.

175 1375 194 1412 ἡ
224 1375 249 1406 δ’
277 1374 357 1416 ὀργὴ
386 1378 524 1416 φυσῶσα
557 1374 606 1407 καὶ
636 1374 840 1406 διατείνουσα
867 1375 906 1405 τὸ
937 1374 1110 1417 πρόσωπον
1141 1375 1299 1416 ἀπρεπῶς,
1328 1373 1376 1405 ἔτι

177 1421 308 1459 μᾶλλον
325 1420 466 1460 αἰσχρὰν
482 1418 597 1459 ἀφίησι
615 1418 664 1450 καὶ
682 1419 804 1460 ἀτερπῆ
824 1419 941 1460 φωνήν.

305 1512 317 1531 ¹
342 1512 439 1554 perh.
457 1512 627 1551 μανθάνειν
644 1511 731 1554 ᾅδειν
747 1513 781 1543 Ε
920 1513 933 1532 ²
957 1512 1071 1544 Tzetz.
1090 1512 1248 1555 πρασὴρμ.

221 1629 292 1660 1in
316 1629 426 1667 Ceos;
451 1629 494 1660 ef.
518 1629 572 1661 for
596 1630 656 1661 the
681 1629 824 1661 festixal
848 1629 997 1662 Nicand.
1026 1640 1080 1672 ap.
1108 1631 1240 1662 Anton.
1264 1630 1342 1662 Lib.
1364 1632 1377 1662 l

177 1671 189 1691 ²
212 1672 273 1703 the
297 1673 431 1704 micket
455 1673 558 1714 being
582 1673 769 1715 populmlj
789 1673 965 1715 supposed
991 1679 1027 1705 to
1049 1674 1091 1705 be
1112 1674 1171 1706 the
1195 1674 1380 1716 champion

177 1716 305 1757 singer,
333 1716 394 1748 the
419 1717 592 1748 choxistet
618 1717 696 1748 who
728 1717 796 1749 lost
823 1718 1036 1749 instruction
1062 1718 1109 1760 by
1140 1718 1278 1760 coming
1309 1718 1380 1750 late
