1511 2458
579 152 726 189 LYRA
768 153 991 191 GRAECA

183 255 396 311 Σμερδίου
437 256 513 299 καὶ
554 257 848 309 Κλεοβούλου
891 258 1029 311 κόμην
1072 259 1146 302 καὶ
1187 259 1387 304 κάλλος1

182 314 422 358 Βαθύλλου
444 315 518 358 καὶ
540 314 655 372 ῴδὴν
675 314 907 370 Ἰωνικήν.2

240 393 330 431 Sch.
357 394 467 431 Pind.
492 394 579 431 Isth.
604 395 638 434 2.
664 396 681 433 1
746 391 1044 446 Ἀνακρέοντα
1075 395 1194 446 Ὑοῦν,
1226 394 1383 447 ἐρωτη-

180 448 312 490 θέντα
352 448 467 504 φασὶ
501 448 619 491 διατί
659 450 736 491 οὐκ
770 450 829 495 εἰς
866 450 989 496 θεοὺς
1024 451 1185 506 νγράφει
1227 452 1385 505 ὕμνους

180 506 285 548 ἀλλ’
322 507 380 552 εἰς
421 506 597 555 παῖδας,
630 507 768 550 εἰπεῖν
801 508 927 550 “'OTL
970 509 1089 551 οὗτοι
1133 510 1251 564 ἡμῶν
1293 508 1386 551 θεοί

180 564 293 607 εἰσι.Ἶ

234 641 300 677 Ar.
330 640 472 678 Thes-m.
498 643 568 680 159

239 710 388 758 ἄλλως
412 711 448 754 τ’
471 710 667 766 ἄμουσόν
689 712 787 754 ἐστι
813 712 996 766 ποιητὴν
1019 713 1125 756 ἰδεῖν

237 770 412 826 ἀγρεῖον
435 771 539 812 ὄντα
561 770 632 812 καὶ
656 770 808 813 δασύν·
843 770 1015 827 σκέψαι
1040 771 1075 813 δ’
1098 772 1165 814 ὅτι

231 829 412 878 Ἴβυκος
434 829 591 875 ἐκεῖνος
613 827 890 885 κἈνακρέων
912 829 932 872 ὁ
955 831 1085 882 Τήϊος

238 886 493 936 κἈλκαῖος,
517 887 643 943 οἵπερ
665 887 878 943 ἁρμονίαν
899 888 1132 945 ἐχύμισαν,

238 944 553 1002 ἐμιτροφόρουν
575 964 621 988 τε
642 946 717 988 καὶ
740 945 993 990 διεκινοῦνθ’
1017 946 1099 990 ὧδέ
1122 947 1250 994 πως3
1284 980 1290 989 .
1330 979 1338 989 .
1377 979 1385 989 .

242 1027 374 1076 [plat]
402 1026 624 1076 Hipparch.
649 1023 763 1064 2281>
826 1054 834 1063 .
871 1054 879 1064 .
915 1054 923 1063 .
954 1021 1206 1079 Ἱππάρχῳ,
1230 1021 1274 1068 ὃς
1301 1024 1386 1065 τῶν

181 1081 515 1137 Πεισιστράτου
543 1080 713 1122 παίδων
740 1079 792 1132 ἦν
823 1079 1137 1137 πρεσβύτατος
1168 1080 1243 1123 καὶ
1274 1084 1384 1137 σοφ-

180 1140 361 1187 ώτατος,
386 1138 429 1184 ὃς
453 1138 575 1181 ἄλλα
599 1157 644 1182 τε
673 1137 827 1180 πολλὰ
849 1138 922 1180 καὶ
946 1137 1065 1180 καλὰ
1093 1138 1200 1194 ἔργα
1221 1137 1384 1195 σοφίας

180 1198 442 1251 ἀπεδείξατο
472 1198 547 1240 καὶ
577 1196 632 1238 τὰ
653 1195 848 1252 (Ομήρου
874 1196 958 1249 ἔπη
988 1199 1161 1253 πρῶτος
1184 1197 1386 1250 ἐκόμισεν

180 1258 237 1303 εἰς
260 1256 337 1310 τὴν
359 1259 440 1310 Γγῆν
463 1254 657 1307 ταυτηνί,
678 1255 750 1297 καὶ
771 1255 999 1309 ἠνάγκασε
1022 1254 1122 1300 τοὺς
1143 1254 1380 1311 ῥαψῳδοὺς

179 1313 507 1367 Παναθηναίοις
530 1315 577 1367 ἐξ
599 1313 870 1369 ὑπολήψεως
899 1315 1055 1369 ἐφεξῆς
1076 1313 1190 1356 αὐτὰ
1213 1313 1380 1362 διὶέναι,

179 1374 329 1425 ὥσπερ
353 1375 425 1415 νῦν
448 1373 511 1415 ἔτι
534 1371 623 1414 οἵδε
655 1375 872 1420 ποιοῦσιν,
897 1371 968 1414 καὶ
994 1370 1062 1414 ἐπ’
1085 1370 1381 1427 Ἀνακρέοντα

179 1432 254 1475 τὸν
274 1431 405 1485 Τήϊον
427 1429 774 1487 πεντηκόντορον
796 1429 977 1476 στείλας
999 1429 1200 1485 ἐκόμισεν
1221 1429 1281 1476 εἰς
1303 1429 1383 1483 τὴν

179 1491 323 1537 πόλιν,
358 1488 601 1542 Σιμωνίδην
638 1488 682 1531 δὲ
724 1488 799 1531 τὸν
834 1491 965 1531 Κεῖον
1002 1488 1068 1532 ἀεὶ
1108 1488 1210 1545 περὶ
1250 1488 1383 1531 αὐτὸν

177 1549 294 1606 εἶχεν
315 1548 525 1602 μεγάλοις
547 1547 722 1601 μισθοῖς
745 1546 819 1588 καὶ
849 1546 1000 1602 δώροις
1030 1546 1208 1590 πείθων·
1241 1550 1382 1590 ταῦτα

180 1607 213 1649 δ’
245 1607 381 1649 ἐποίει
412 1605 684 1659 βουλόμενος
716 1604 939 1648 παιδεύειν
973 1604 1074 1651 τοὺς
1103 1604 1309 1654 πολίτας,
1334 1604 1384 1647 ἵν’

178 1668 233 1711 ὡς
269 1663 524 1718 βελτίστων
555 1665 689 1707 ὄντων
723 1664 867 1706 αὐτῶν
902 1663 1045 1720 ἄρχοι,
1080 1664 1159 1706 οὐκ
1191 1663 1384 1716 οἰόμενος

178 1724 266 1766 δεῖν
316 1723 455 1765 οὐδενὶ
504 1721 665 1778 σοφίας
715 1722 890 1778 φθονεῖν
932 1722 1009 1764 ἅτε
1055 1722 1113 1764 ὢν
1155 1720 1291 1768 καλός
1340 1740 1386 1765 τε

177 1781 386 1837 κάγαθός.

238 1863 335 1900 Plat.
361 1862 506 1899 Charm.
532 1863 640 1900 157e
702 1856 751 1898 οὐ
782 1854 867 1911 «γὰρ
899 1855 1020 1909 οἶμαι
1052 1854 1193 1897 ἄλλον
1225 1853 1378 1897 οὐδένα

176 1919 262 1959 τῶν
293 1915 446 1960 ἐνθάδε
476 1914 634 1974 ῥᾳδίως
667 1914 719 1956 ἂν
751 1914 868 1971 ἔχειν
900 1913 1114 1968 ἐπιδεῖξαι
1148 1915 1271 1956 ποῖαι
1308 1912 1383 1956 δύο

225 2025 237 2044 ¹
262 2025 401 2057 Markl:
428 2036 497 2055 mss
515 2025 634 2056 αὐλοὺς
755 2023 767 2042 ²
791 2022 834 2054 cf.
858 2023 952 2055 Him.
974 2022 1025 2055 30.
1043 2023 1074 2062 3,
1094 2023 1182 2054 A.P.
1205 2022 1232 2056 7.
1253 2022 1308 2062 27,
1327 2022 1379 2062 30,

177 2070 231 2108 31,
252 2069 336 2101 Hor.
360 2070 463 2109 Epml.
488 2070 535 2099 14.
558 2070 577 2099 9

181 2125 254 2160 126
