1526 2458
588 161 734 198 LYRA
775 161 999 198 GRAECA

188 266 345 302 dierum
365 266 648 316 admiransque
671 266 799 302 Hiero
820 268 1045 316 requireret
1061 279 1130 302 cur
1150 269 1206 303 ita
1226 265 1392 312 faceret,

190 320 317 366 ‘Quia
345 326 497 370 quanto
526 321 677 357 diutius
704 320 936 357 considero'
959 323 1106 370 inquit,
1127 325 1266 358 ‘tanto
1295 321 1394 358 mihi

189 388 249 411 res
272 375 432 412 videtur
451 375 679 413 obscurior.’
738 375 809 412 sed
835 375 1085 412 Simonidem
1105 376 1276 412 arbitror
1297 376 1394 424 (non

189 432 297 465 enim
337 435 457 479 poeta
496 430 624 466 solum
664 433 806 475 suavis,
845 443 984 466 verum
1026 433 1148 466 etiam
1187 433 1394 480 ceteroqui

189 483 332 520 docms
361 487 603 534 sapiensque
634 484 838 532 traditur),
862 487 955 534 quia
983 484 1112 521 multa
1137 487 1325 522 venirent
1353 487 1394 521 in

188 544 370 575 mentem
392 544 510 575 acuta
530 544 651 588 atque
673 539 849 584 subtilia,
863 539 1122 575 dubitantem
1142 539 1239 588 quid
1256 552 1394 576 eorum

187 598 295 630 esset
317 596 580 639 verissimum,
602 593 836 642 desperasse
857 607 1019 630 omnem
1041 596 1266 633 veritatem.

247 703 341 739 Ath.
369 704 430 742 14.
454 705 530 741 656
544 703 569 739 d
631 698 764 743 ὅντως
797 696 830 738 δ’
860 696 911 749 ἣν
944 698 997 742 ὡς
1026 697 1204 750 ἀληθῶς
1236 695 1396 752 κίμβιξ

188 755 208 798 ὁ
252 756 491 810 Σιμωνίδης
533 755 608 798 καὶ
651 754 984 812 αἰσχροκερδής,
1030 757 1083 800 ὡς
1126 755 1394 810 Χαμαιλέων

187 814 335 870 φησίν.
402 817 444 857 ἐν
476 814 780 871 Συρακούσαις
812 817 929 866 γοῦν,
954 817 1031 856 τοῦ
1062 812 1255 870 Ιέρωνος
1281 815 1391 857 ἀπο-

187 872 408 915 στέλλοντ
411 892 455 919 ος
477 873 594 928 αὐτῷ
613 872 667 914 τὰ
684 873 782 914 καθ’
801 872 977 928 71μέραν,
995 875 1214 926 λαμπρῶς
1231 875 1394 915 πωλῶν

189 931 242 974 τὰ
275 931 416 974 πλείω
450 930 470 973 ὁ
501 930 738 986 Σιμωνίδης
771 933 857 972 τῶν
889 949 979 985 παρ
1024 929 1187 973 ἐκείνου
1222 949 1392 985 πεμπο-

186 990 325 1044 μένων
348 991 486 1045 ἑαυτῷ
509 989 663 1045 μικρὸν
685 989 811 1044 μέρος
837 988 1085 1031 ἀπετίθετο·
1118 989 1320 1060 ἐρομένου
1349 989 1395 1032 δέ

188 1067 301 1095 τινος
336 1067 413 1101 την
447 1048 607 1096 αἰτίαν,
643 1045 850 1092 ‘''mes
883 1047 1002 1090 εἶπεν
1035 1047 1084 1100 κ7’1
1120 1065 1167 1090 τε
1198 1046 1393 1103 Ἱερωνος

186 1107 550 1161 μεγαλοπρέπεια
569 1125 652 1148 κατ
657 1105 870 1162 αφανης
844 1124 869 1160 ῃ
888 1106 962 1148 καὶ
982 1125 1006 1159 η
1030 1105 1110 1160 ἐμὴ
1127 1105 1379 1161 κοσμιότης.

249 1222 351 1259 Plut
386 1221 490 1257 4)·.(ι1
525 1221 574 1259 45
635 1214 709 1256 καὶ
742 1213 828 1269 γὰρ
863 1214 899 1256 εἰ
932 1212 1068 1256 δεινὸν
1101 1213 1261 1285 ἄνδρας
1293 1213 1393 1269 ὁμο-

186 1276 355 1331 φύλους
390 1275 462 1317 καὶ
501 1276 726 1328 συγγενεῖς
758 1274 870 1314 οὕτω
904 1271 1307 1343 μεταχειρίσασθαι
1339 1271 1390 1314 δι’

188 1333 463 1390 ὀργ71ν,ἀλλ’
491 1331 588 1374 ‘'Ev
620 1331 832 1384 ἀνάγκαις
864 1329 1008 1384 γλυκὺ
1038 1330 1207 1385 γίνεται
1238 1331 1311 1373 καὶ
1343 1331 1392 1373 τὸ

189 1391 437 1448 σκληρὸνΓ
469 1390 583 1433 κατὰ
615 1387 873 1441 Σιμωνίδην,
904 1388 1055 1444 ὥσπερ
1087 1389 1300 1444 ἀλγοῦντι
1332 1391 1392 1444 τῷ

188 1452 309 1506 θυμῷ
344 1451 418 1493 καὶ
450 1448 767 1506 φλεγμαίνοντι
806 1446 1042 1502 θεραπείαν
1078 1448 1151 1490 καὶ
1189 1467 1241 1489 αι
1245 1448 1390 1501 απλη

188 1527 324 1564 ρωσιν
346 1507 659 1564 προσφερόντο
669 1524 702 1548 ν.

247 1620 347 1656 lim.
382 1632 442 1668 ap.
476 1617 565 1654 sch.
603 1616 714 1652 Ρὶοᾶ.
751 1615 793 1651 0.
858 1614 987 1653 ,29d
1048 1609 1119 1651 καὶ
1163 1609 1274 1651 οὕτω
1317 1609 1391 1652 τὸν

189 1674 390 1729 (-)71ρωνα,
424 1669 913 1739 ὑπεραγαιακτησαντα
945 1666 1162 1721 θυγατρὸς
1192 1667 1283 1722 ἅμα
1316 1668 1391 1710 καὶ

187 1732 410 1787 γαμβρον,
443 1730 659 1785 σνρρηξαι
692 1727 798 1783 πρὸς
829 1725 1002 1779 lepoeva
1039 1724 1235 1780 πόλεμον
1270 1725 1390 1780 παρὰ

192 1790 306 1831 [ελα
328 1793 386 1831 τῶ
411 1788 708 1841 Σικελιωτικῶ
732 1803 917 1839 ποταμῳ
949 1818 955 1826 .
992 1802 1128 1838 ..μη
1149 1802 1198 1838 γε
1225 1802 1309 1838 μην
1333 1785 1390 1830 εἰς

187 1849 386 1899 βλαβην,
409 1846 517 1901 μηδὲ
541 1845 598 1889 εἰς
620 1844 744 1889 τελος
768 1861 853 1898 προ
858 1859 1061 1899 χωρησαι
1084 1841 1157 1884 τὸν
1179 1841 1389 1895 πόλεμον·

189 1906 302 1961 φασὶ
343 1905 429 1961 γὰρ
471 1904 569 1946 τότε
609 1901 853 1956 Σιμωνίδην
888 1900 963 1942 τὸν
1002 1899 1184 1955 λυρικὸν
1215 1918 1388 1956 περιτυ-

188 1964 328 2021 χόντα
349 1965 559 2006 διαλῦσαι
582 1965 672 2006 τοῖς
691 1962 938 2011 βασιλεῦσι
962 1957 1041 2012 τὴν
1061 1958 1241 2015 ἔχθραν.

573 2070 583 2089 ¹
609 2069 737 2101 Madv:
765 2079 833 2099 mss
851 2068 900 2099 καὶ
919 2069 953 2099 οὐ
972 2080 1002 2099 σ.

192 2138 264 2174 262
