1526 2458
569 165 715 201 LYRA
756 165 978 201 GRAECA

232 276 326 312 Luc.
360 275 482 314 Macr.
509 277 558 313 26
619 266 862 323 Σιμωνίδης
893 269 937 312 δὲ
970 268 990 312 ὁ
1026 271 1154 315 Κεῖος
1185 268 1377 324 (ἔζησεν)

174 329 283 384 ὑπὲρ
306 328 361 370 τὰ
384 329 640 383 ἐνενήκοντα
663 328 790 382 (ἔτη).

230 410 341 449 Suid.
422 403 663 458 Σιμωνίδης
723 403 855 458 (Ύ).
965 437 973 446 .
1019 402 1378 460 ΑκραΎαντίνων

174 462 422 519 στρατηγὸς
475 463 524 515 ἦν
576 462 712 516 ὄνομα
756 464 922 516 Φοῖνιξ·
974 461 1292 518 Συρακουσίοις
1333 461 1378 504 δὲ

173 522 421 576 ἐπολέμουν
465 521 595 563 οὗτοι.
659 521 813 562 οὐκουν
847 520 918 563 ὅδε
956 520 976 562 ὁ
1012 522 1168 574 Φοῖνιξ
1208 519 1378 562 διαλύει

176 580 251 623 τὸν
284 581 427 636 τάφον
460 583 537 622 τοῦ
571 576 813 633 Σιμωνίδου
848 579 973 632 μάλα
1010 578 1180 631 ἀκηδῶς
1216 597 1263 620 τε
1302 579 1378 620 καὶ

176 638 401 686 ἀνοίκτως,
444 639 521 680 καὶ
571 638 618 679 ἐκ
670 640 755 679 τῶν
797 636 934 679 λίθων
987 637 1120 679 τῶνδε
1171 636 1378 688 ἀνίστησι

175 697 357 753 πύργον·
402 696 477 738 καὶ
511 695 625 737 κατὰ
662 698 816 737 τοῦτον
849 696 965 737 ἑάλω
1000 696 1024 746 ἡ
1058 695 1203 741 πόλις.
1266 695 1379 738 ἔοικε

177 755 220 798 δὲ
243 756 317 798 καὶ
342 753 642 810 Καλλίμαχος
665 753 833 799 τούτοις
855 753 1100 809 ὁμολογεῖν.
1145 753 1380 806 οἰκτίζεται

175 817 282 867 ’γοῦν
313 814 360 855 τὸ
394 813 588 867 ἄθεσμον
620 812 760 868 ἔργον,
783 813 856 855 καὶ
888 811 1080 866 λέγοντά
1111 830 1160 866 ργε
1192 811 1326 855 αὐτὸν
1357 810 1378 854 ὁ

179 875 424 929 Κυρηναῖος
446 871 660 924 πεποίηκε
682 870 756 913 τὸν
778 870 947 925 ’γλυκὺν
969 871 1170 924 ποιητήν·

892 946 988 988 οὐδὲ
1011 945 1059 988 τὸ
1081 944 1264 1001 ’γράμμα

293 1005 455 1061 ᾐδέσθη
479 1004 528 1047 τὸ
550 1005 682 1058 λέὙον
702 1005 745 1058 μ’
771 1004 842 1046 υἷα
866 1004 1155 1060 Λεωπρέπεος

236 1065 412 1106 κεῖσθαι
437 1064 573 1117 Κηίον
595 1063 743 1119 ἄνδρα.

177 1133 276 1192 κᾷτ’
299 1133 433 1176 εἰπὼν
457 1132 569 1175 ἅττα
591 1132 800 1186 ἐπιλέγει·

237 1202 325 1245 οὐδ’
348 1202 492 1256 ὑμέας,
518 1201 805 1251 Πολύδευκες,
830 1201 1078 1257 ὑπέτρεσεν,
1104 1200 1150 1243 οἵ
1169 1220 1221 1256 με
1247 1200 1382 1256 μελά-

353 1261 459 1315 θρου

295 1319 537 1373 μέλλοντος
557 1318 738 1361 πίπτειν
762 1318 883 1365 ἐκτὸς
906 1318 1060 1361 ἕθεσθέ
1081 1337 1190 1361 ποτε

239 1377 509 1432 δαιτυμόνων
532 1376 620 1419 ἄπο
641 1381 812 1431 μοῦνον,
836 1377 909 1419 ὅτε
933 1377 1218 1433 Κραννώνιος,
1243 1376 1287 1418 αἲ
1309 1376 1367 1425 αἴ,

297 1436 488 1478 ὤλισθεν
509 1436 754 1490 μειγάλους1
781 1435 897 1481 οἶκος
919 1436 991 1477 ἐπὶ
1013 1435 1260 1480 Σκοπάδας.

237 1517 334 1556 Ath.
370 1517 431 1556 14.
462 1518 575 1556 638e
637 1511 711 1554 καὶ
742 1510 761 1554 ὁ
793 1511 892 1556 τοὺς
924 1509 1122 1556 Εἵλωτας
1152 1510 1196 1553 δὲ
1227 1528 1383 1553 πεποι-

179 1572 292 1624 ηκώς
315 1576 464 1627 φησιν·

239 1646 293 1688 τὰ
316 1643 596 1702 Στησιχόρου
620 1663 666 1687 τε
688 1644 763 1686 καὶ
783 1643 1033 1699 Ἀλκμᾶνος
1057 1643 1295 1698 Σιμωνίδου
1319 1661 1365 1686 τε

238 1706 426 1761 ἀρχαῖον
443 1703 613 1746 ἀείδειν.
659 1702 678 1745 ὁ
698 1703 741 1745 δὲ
762 1703 1018 1757 Γνήσιππος
1036 1703 1127 1745 ἔστ’
1145 1702 1319 1746 ἀκούειν
1339 1736 1346 1744 .
1372 1735 1379 1742 .

241 1786 333 1824 sch.
372 1785 442 1824 Ar.
490 1785 597 1835 les-‚p
641 1785 687 1822 12
693 1785 742 1823 22
794 1777 869 1834 [τὰ
921 1777 1065 1820 σκόλι’
1113 1778 1232 1823 ὅπως
1283 1776 1384 1834 δέξῃ

183 1840 363 1893 καλως]·
419 1840 606 1895 αρχαῖον
653 1839 747 1883 ἔθος
794 1836 1078 1891 ἑστιωμένους
1119 1835 1235 1893 ᾁδειν
1282 1835 1384 1878 ἀκο-

184 1897 355 1944 λούθως
396 1901 454 1939 τῶ
497 1915 671 1953 πρωτῳ,
714 1896 748 1939 εἰ
786 1895 1013 1937 παύσαιτο
1051 1899 1126 1948 τῆς
1162 1894 1307 1965 ᾠδῆς,
1328 1893 1383 1936 τὰ

184 1957 293 2010 ἑξῆς.
349 1955 424 1998 καὶ
460 1955 544 2009 γὰρ
582 1954 602 1997 ὁ
644 1955 692 2008 ἐξ
731 1956 870 2010 ἀρχῆς
912 1953 1069 2008 δάφνιν
1109 1952 1136 2006 ἢ
1175 1951 1383 2008 μυρρίνην

183 2013 386 2070 κατέχων
408 2013 481 2068 ᾖδε
503 2011 788 2067 Σιμωνίδου
766 2019 791 2066 τ’]
815 2010 1094 2082 Στησιχόρου
1114 2010 1227 2064 μέλη
1256 2010 1383 2067 ἄχρις

184 2078 234 2114 οὑ
256 2072 401 2125 ἤθελε,
424 2071 498 2114 καὶ
519 2070 629 2126 μετὰ
652 2075 793 2114 ταῦτα
825 2070 858 2128 ᾧ
886 2069 1100 2122 ἐβόυλετο
1123 2068 1277 2120 ἐδίδου,
1299 2069 1384 2127 οὐχ

188 2142 261 2178 268
