<?xml version="1.0" encoding="UTF-8"?>
<!DOCTYPE html PUBLIC "-//W3C//DTD XHTML 1.0 Transitional//EN"
    "http://www.w3.org/TR/xhtml1/DTD/xhtml1-transitional.dtd">
<html xmlns="http://www.w3.org/1999/xhtml" xml:lang="en" lang="en">
 <head>
  <title>
</title>
<meta http-equiv="Content-Type" content="text/html;charset=utf-8" />
  <meta name='ocr-system' content='tesseract 3.04.00' />
  <meta name='ocr-capabilities' content='ocr_page ocr_carea ocr_par ocr_line ocrx_word'/>
</head>
<body>
  <div class='ocr_page' id='page_1' title='image "./lyragraecabeingr02edmouoft_0238.png"; bbox 0 0 1526 2458; ppageno 0'>
   <div class='ocr_carea' id='block_1_1' title="bbox 578 152 989 190">
    <p class='ocr_par' dir='ltr' id='par_1_1' title="bbox 578 152 989 190">
     <span class='ocr_line' id='line_1_1' title="bbox 578 152 989 190; baseline -0.002 -1"><span class='ocrx_word' id='word_1_1' title='bbox 578 153 723 189; x_wconf 82' lang='lat' dir='ltr'>LYRA</span> <span class='ocrx_word' id='word_1_2' title='bbox 765 152 989 190; x_wconf 76' lang='lat' dir='ltr'><strong>GRAECA</strong></span> 
     </span>
    </p>
   </div>
   <div class='ocr_carea' id='block_1_2' title="bbox 179 255 1385 368">
    <p class='ocr_par' dir='ltr' id='par_1_2' title="bbox 179 255 1385 368">
     <span class='ocr_line' id='line_1_2' title="bbox 179 255 1385 311; baseline 0.004 -15"><span class='ocrx_word' id='word_1_3' title='bbox 179 256 355 311; x_wconf 80' lang='grc' dir='ltr'>ραμβον</span> <span class='ocrx_word' id='word_1_4' title='bbox 383 255 442 301; x_wconf 86' lang='grc' dir='ltr'>εἰς</span> <span class='ocrx_word' id='word_1_5' title='bbox 472 255 619 309; x_wconf 80' lang='grc' dir='ltr'>ἅγωνα</span> <span class='ocrx_word' id='word_1_6' title='bbox 653 256 877 311; x_wconf 73' lang='grc' dir='ltr'><em>εἰσήγαγε,</em></span> <span class='ocrx_word' id='word_1_7' title='bbox 903 257 977 299; x_wconf 87' lang='grc' dir='ltr'>καὶ</span> <span class='ocrx_word' id='word_1_8' title='bbox 1006 257 1105 302; x_wconf 71' lang='grc' dir='ltr'>τοὺς</span> <span class='ocrx_word' id='word_1_9' title='bbox 1137 255 1385 311; x_wconf 72' lang='grc' dir='ltr'>ἐριστικοὺς</span> 
     </span>
     <span class='ocr_line' id='line_1_3' title="bbox 181 313 653 368; baseline 0.004 -14"><span class='ocrx_word' id='word_1_10' title='bbox 181 313 456 367; x_wconf 67' lang='grc' dir='ltr'>εἰσηγήσατο</span> <span class='ocrx_word' id='word_1_11' title='bbox 479 314 653 368; x_wconf 82' lang='grc' dir='ltr'>λόγους.</span> 
     </span>
    </p>
   </div>
   <div class='ocr_carea' id='block_1_3' title="bbox 1303 404 1382 421">
    <p class='ocr_par' dir='ltr' id='par_1_3' title="bbox 1303 404 1382 421">
     <span class='ocr_line' id='line_1_4' title="bbox 1303 404 1382 421; baseline -0.013 0"><span class='ocrx_word' id='word_1_12' title='bbox 1303 405 1319 421; x_wconf 62' lang='grc' dir='ltr'><strong>Δ</strong></span> <span class='ocrx_word' id='word_1_13' title='bbox 1373 404 1382 416; x_wconf 61' lang='grc' dir='ltr'><strong>Γ</strong></span> 
     </span>
    </p>
   </div>
   <div class='ocr_carea' id='block_1_4' title="bbox 176 405 1383 1333">
    <p class='ocr_par' dir='ltr' id='par_1_4' title="bbox 177 405 1383 1333">
     <span class='ocr_line' id='line_1_5' title="bbox 235 405 1383 463; baseline 0.001 -17"><span class='ocrx_word' id='word_1_14' title='bbox 235 410 412 449; x_wconf 75' lang='lat' dir='ltr'>Atl1.8.</span> <span class='ocrx_word' id='word_1_15' title='bbox 454 412 570 449; x_wconf 71' lang='lat'>3381)</span> <span class='ocrx_word' id='word_1_16' title='bbox 614 408 680 460; x_wconf 84' lang='grc' dir='ltr'>[π.</span> <span class='ocrx_word' id='word_1_17' title='bbox 721 406 919 463; x_wconf 58' lang='grc' dir='ltr'>ἰχθύων]</span> <span class='ocrx_word' id='word_1_18' title='bbox 969 406 1066 448; x_wconf 83' lang='grc' dir='ltr'>οἶδα</span> <span class='ocrx_word' id='word_1_19' title='bbox 1107 406 1149 448; x_wconf 80' lang='grc' dir='ltr'>δὲ</span> <span class='ocrx_word' id='word_1_20' title='bbox 1188 405 1261 448; x_wconf 86' lang='grc' dir='ltr'>καὶ</span> <span class='ocrx_word' id='word_1_21' title='bbox 1299 424 1326 447; x_wconf 83' lang='grc' dir='ltr'>α</span> <span class='ocrx_word' id='word_1_22' title='bbox 1363 424 1383 447; x_wconf 94' lang='grc' dir='ltr'>ο</span> 
     </span>
     <span class='ocr_line' id='line_1_6' title="bbox 176 462 1382 535; baseline 0 -30"><span class='ocrx_word' id='word_1_23' title='bbox 176 462 424 519; x_wconf 71' lang='grc' dir='ltr'>Ερμιονεὺς</span> <span class='ocrx_word' id='word_1_24' title='bbox 479 468 626 509; x_wconf 80' lang='grc' dir='ltr'>Λᾶσος</span> <span class='ocrx_word' id='word_1_25' title='bbox 678 465 832 535; x_wconf 72' lang='grc' dir='ltr'>ἔπαιξε</span> <span class='ocrx_word' id='word_1_26' title='bbox 884 464 982 518; x_wconf 86' lang='grc' dir='ltr'>περὶ</span> <span class='ocrx_word' id='word_1_27' title='bbox 1035 464 1216 521; x_wconf 83' lang='grc' dir='ltr'>ἰχθύων,</span> <span class='ocrx_word' id='word_1_28' title='bbox 1268 463 1382 519; x_wconf 80' lang='grc' dir='ltr'>ἅπερ</span> 
     </span>
     <span class='ocr_line' id='line_1_7' title="bbox 177 521 1381 578; baseline 0.002 -17.007"><span class='ocrx_word' id='word_1_29' title='bbox 177 522 449 575; x_wconf 78' lang='grc' dir='ltr'>Χαμαιλέων</span> <span class='ocrx_word' id='word_1_30' title='bbox 472 522 724 578; x_wconf 70' lang='grc' dir='ltr'>(ινέγραψεν</span> <span class='ocrx_word' id='word_1_31' title='bbox 749 521 769 564; x_wconf 89' lang='grc' dir='ltr'>ὁ</span> <span class='ocrx_word' id='word_1_32' title='bbox 794 522 1104 577; x_wconf 41' lang='grc' dir='ltr'>(Ηρακλεώτης</span> <span class='ocrx_word' id='word_1_33' title='bbox 1132 523 1175 564; x_wconf 89' lang='grc' dir='ltr'>ἐν</span> <span class='ocrx_word' id='word_1_34' title='bbox 1199 525 1259 578; x_wconf 80' lang='grc' dir='ltr'>τῷ</span> <span class='ocrx_word' id='word_1_35' title='bbox 1282 521 1381 574; x_wconf 84' lang='grc' dir='ltr'>περὶ</span> 
     </span>
     <span class='ocr_line' id='line_1_8' title="bbox 177 579 1380 636; baseline 0.001 -15"><span class='ocrx_word' id='word_1_36' title='bbox 177 581 313 623; x_wconf 82' lang='grc' dir='ltr'>αὑτοῦ</span> <span class='ocrx_word' id='word_1_37' title='bbox 359 598 676 636; x_wconf 85' lang='grc' dir='ltr'>συγγραμματι</span> <span class='ocrx_word' id='word_1_38' title='bbox 719 581 861 635; x_wconf 85' lang='grc' dir='ltr'>λέγων</span> <span class='ocrx_word' id='word_1_39' title='bbox 904 580 1160 623; x_wconf 51' lang='lat' dir='ltr'>&amp;Se-‘1512</span> <span class='ocrx_word' id='word_1_40' title='bbox 1204 579 1380 623; x_wconf 83' lang='grc' dir='ltr'>Λᾶσόν’</span> 
     </span>
     <span class='ocr_line' id='line_1_9' title="bbox 177 637 1380 694; baseline 0.001 -15"><span class='ocrx_word' id='word_1_41' title='bbox 177 642 343 693; x_wconf 54' lang='grc' dir='ltr'>φησι(</span> <span class='ocrx_word' id='word_1_42' title='bbox 360 638 434 680; x_wconf 86' lang='grc' dir='ltr'>τὸν</span> <span class='ocrx_word' id='word_1_43' title='bbox 485 639 601 693; x_wconf 86' lang='grc' dir='ltr'>ὠμὸν</span> <span class='ocrx_word' id='word_1_44' title='bbox 652 638 784 694; x_wconf 81' lang='grc' dir='ltr'>ἰχθὺν</span> <span class='ocrx_word' id='word_1_45' title='bbox 832 639 968 681; x_wconf 84' lang='grc' dir='ltr'>ὀπτὸν</span> <span class='ocrx_word' id='word_1_46' title='bbox 1018 638 1127 681; x_wconf 85' lang='grc' dir='ltr'>εἶναι</span> <span class='ocrx_word' id='word_1_47' title='bbox 1177 637 1380 694; x_wconf 81' lang='grc' dir='ltr'>φάσκειν·</span> 
     </span>
     <span class='ocr_line' id='line_1_10' title="bbox 177 695 1382 767; baseline 0 -30"><span class='ocrx_word' id='word_1_48' title='bbox 177 695 494 750; x_wconf 84' lang='grc' dir='ltr'>θαυμαζόντων</span> <span class='ocrx_word' id='word_1_49' title='bbox 530 697 574 738; x_wconf 80' lang='grc' dir='ltr'>δὲ</span> <span class='ocrx_word' id='word_1_50' title='bbox 608 699 794 738; x_wconf 79' lang='grc' dir='ltr'>πολλῶν</span> <span class='ocrx_word' id='word_1_51' title='bbox 822 697 1062 767; x_wconf 83' lang='grc' dir='ltr'>ἐπιχειρεῖν</span> <span class='ocrx_word' id='word_1_52' title='bbox 1094 695 1241 750; x_wconf 86' lang='grc' dir='ltr'>λέγειν</span> <span class='ocrx_word' id='word_1_53' title='bbox 1273 697 1328 741; x_wconf 82' lang='grc' dir='ltr'>ὡς</span> <span class='ocrx_word' id='word_1_54' title='bbox 1361 695 1382 737; x_wconf 78' lang='grc' dir='ltr'>ὃ</span> 
     </span>
     <span class='ocr_line' id='line_1_11' title="bbox 178 753 1383 797; baseline 0 -1"><span class='ocrx_word' id='word_1_55' title='bbox 178 754 298 796; x_wconf 81' lang='grc' dir='ltr'>ἔστιν</span> <span class='ocrx_word' id='word_1_56' title='bbox 327 756 519 797; x_wconf 81' lang='grc' dir='ltr'>ἀκοῦσαι</span> <span class='ocrx_word' id='word_1_57' title='bbox 549 755 679 797; x_wconf 83' lang='grc' dir='ltr'>τοῦτό</span> <span class='ocrx_word' id='word_1_58' title='bbox 711 756 832 797; x_wconf 84' lang='grc' dir='ltr'>ἐστιν</span> <span class='ocrx_word' id='word_1_59' title='bbox 856 753 1079 797; x_wconf 83' lang='grc' dir='ltr'>ἀκουστὸν</span> <span class='ocrx_word' id='word_1_60' title='bbox 1108 755 1180 796; x_wconf 88' lang='grc' dir='ltr'>καὶ</span> <span class='ocrx_word' id='word_1_61' title='bbox 1210 754 1231 795; x_wconf 82' lang='grc' dir='ltr'><strong><em>ὃ</em></strong></span> <span class='ocrx_word' id='word_1_62' title='bbox 1261 754 1383 796; x_wconf 75' lang='grc' dir='ltr'>ἐστιν</span> 
     </span>
     <span class='ocr_line' id='line_1_12' title="bbox 178 811 1382 866; baseline -0.001 -12"><span class='ocrx_word' id='word_1_63' title='bbox 178 816 336 866; x_wconf 79' lang='grc' dir='ltr'>νοῆσαι</span> <span class='ocrx_word' id='word_1_64' title='bbox 372 814 502 855; x_wconf 88' lang='grc' dir='ltr'>τοῦτό</span> <span class='ocrx_word' id='word_1_65' title='bbox 535 815 658 855; x_wconf 85' lang='grc' dir='ltr'>ἐστιν</span> <span class='ocrx_word' id='word_1_66' title='bbox 695 812 862 865; x_wconf 85' lang='grc' dir='ltr'>ιοητόν·</span> <span class='ocrx_word' id='word_1_67' title='bbox 904 812 1115 858; x_wconf 76' lang='grc' dir='ltr'>ὡσαύτως</span> <span class='ocrx_word' id='word_1_68' title='bbox 1151 813 1224 855; x_wconf 76' lang='grc' dir='ltr'>οὖν</span> <span class='ocrx_word' id='word_1_69' title='bbox 1255 812 1327 854; x_wconf 83' lang='grc' dir='ltr'>καὶ</span> <span class='ocrx_word' id='word_1_70' title='bbox 1361 811 1382 853; x_wconf 80' lang='grc' dir='ltr'><strong><em>ὃ</em></strong></span> 
     </span>
     <span class='ocr_line' id='line_1_13' title="bbox 177 869 1382 923; baseline 0 -11"><span class='ocrx_word' id='word_1_71' title='bbox 177 871 300 913; x_wconf 82' lang='grc' dir='ltr'>ἔστιν</span> <span class='ocrx_word' id='word_1_72' title='bbox 335 870 440 913; x_wconf 85' lang='grc' dir='ltr'>ἰδεῖν</span> <span class='ocrx_word' id='word_1_73' title='bbox 479 869 595 913; x_wconf 86' lang='grc' dir='ltr'>τοῦτ’</span> <span class='ocrx_word' id='word_1_74' title='bbox 632 869 739 913; x_wconf 79' lang='grc' dir='ltr'>εἶναι</span> <span class='ocrx_word' id='word_1_75' title='bbox 778 871 928 913; x_wconf 82' lang='grc' dir='ltr'>ὀπτόν·</span> <span class='ocrx_word' id='word_1_76' title='bbox 974 869 1078 913; x_wconf 76' lang='grc' dir='ltr'>ὥστ’</span> <span class='ocrx_word' id='word_1_77' title='bbox 1115 869 1264 923; x_wconf 84' lang='grc' dir='ltr'>ἐπειδὴ</span> <span class='ocrx_word' id='word_1_78' title='bbox 1309 869 1382 912; x_wconf 83' lang='grc' dir='ltr'>τὸν</span> 
     </span>
     <span class='ocr_line' id='line_1_14' title="bbox 178 927 1382 986; baseline -0.001 -16"><span class='ocrx_word' id='word_1_79' title='bbox 178 928 307 986; x_wconf 78' lang='grc' dir='ltr'>ἰχθὺν</span> <span class='ocrx_word' id='word_1_80' title='bbox 343 930 395 981; x_wconf 78' lang='grc' dir='ltr'>ἣν</span> <span class='ocrx_word' id='word_1_81' title='bbox 427 928 546 977; x_wconf 82' lang='grc' dir='ltr'>ἰδεῖν,</span> <span class='ocrx_word' id='word_1_82' title='bbox 581 928 717 971; x_wconf 85' lang='grc' dir='ltr'>ὀπτὸν</span> <span class='ocrx_word' id='word_1_83' title='bbox 748 929 882 971; x_wconf 83' lang='grc' dir='ltr'>αὐτὸν</span> <span class='ocrx_word' id='word_1_84' title='bbox 920 928 1041 971; x_wconf 85' lang='grc' dir='ltr'>εἶναι.</span> <span class='ocrx_word' id='word_1_85' title='bbox 1103 928 1178 971; x_wconf 83' lang='grc' dir='ltr'>καὶ</span> <span class='ocrx_word' id='word_1_86' title='bbox 1213 927 1382 981; x_wconf 82' lang='grc' dir='ltr'>παίζων</span> 
     </span>
     <span class='ocr_line' id='line_1_15' title="bbox 179 986 1380 1058; baseline 0 -30"><span class='ocrx_word' id='word_1_87' title='bbox 179 987 222 1028; x_wconf 82' lang='grc' dir='ltr'>δέ</span> <span class='ocrx_word' id='word_1_88' title='bbox 253 1005 364 1029; x_wconf 89' lang='grc' dir='ltr'>ποτε</span> <span class='ocrx_word' id='word_1_89' title='bbox 397 987 526 1043; x_wconf 78' lang='grc' dir='ltr'>ἰχθὺν</span> <span class='ocrx_word' id='word_1_90' title='bbox 558 987 682 1041; x_wconf 80' lang='grc' dir='ltr'>παρά</span> <span class='ocrx_word' id='word_1_91' title='bbox 715 1004 843 1029; x_wconf 84' lang='grc' dir='ltr'>τινων</span> <span class='ocrx_word' id='word_1_92' title='bbox 878 986 1038 1029; x_wconf 85' lang='grc' dir='ltr'>ιιλιέων</span> <span class='ocrx_word' id='word_1_93' title='bbox 1070 986 1276 1058; x_wconf 80' lang='grc' dir='ltr'>ὑφείλετο</span> <span class='ocrx_word' id='word_1_94' title='bbox 1308 986 1380 1029; x_wconf 83' lang='grc' dir='ltr'>καὶ</span> 
     </span>
     <span class='ocr_line' id='line_1_16' title="bbox 178 1043 1382 1101; baseline 0.001 -15"><span class='ocrx_word' id='word_1_95' title='bbox 178 1045 336 1095; x_wconf 77' lang='grc' dir='ltr'>λαβὼν</span> <span class='ocrx_word' id='word_1_96' title='bbox 372 1045 504 1087; x_wconf 81' lang='grc' dir='ltr'>ἔδωκε</span> <span class='ocrx_word' id='word_1_97' title='bbox 537 1062 620 1087; x_wconf 89' lang='grc' dir='ltr'>τινι</span> <span class='ocrx_word' id='word_1_98' title='bbox 651 1047 736 1087; x_wconf 85' lang='grc' dir='ltr'>τῶν</span> <span class='ocrx_word' id='word_1_99' title='bbox 765 1063 1077 1101; x_wconf 82' lang='grc' dir='ltr'>παρεστωτων.</span> <span class='ocrx_word' id='word_1_100' title='bbox 1140 1043 1382 1101; x_wconf 77' lang='grc' dir='ltr'>ὁρκίζοντος</span> 
     </span>
     <span class='ocr_line' id='line_1_17' title="bbox 182 1102 1380 1160; baseline 0 -16"><span class='ocrx_word' id='word_1_101' title='bbox 182 1102 225 1144; x_wconf 75' lang='grc' dir='ltr'>δὲ</span> <span class='ocrx_word' id='word_1_102' title='bbox 259 1103 429 1157; x_wconf 84' lang='grc' dir='ltr'>ὤμοσεν</span> <span class='ocrx_word' id='word_1_103' title='bbox 460 1103 560 1157; x_wconf 57' lang='lat' dir='ltr'>&#39;mss&#39;</span> <span class='ocrx_word' id='word_1_104' title='bbox 583 1103 714 1148; x_wconf 80' lang='grc' dir='ltr'>αὐτὸς</span> <span class='ocrx_word' id='word_1_105' title='bbox 737 1102 854 1159; x_wconf 81' lang='grc' dir='ltr'>ἔχειν</span> <span class='ocrx_word' id='word_1_106' title='bbox 876 1103 949 1145; x_wconf 82' lang='grc' dir='ltr'>τὸν</span> <span class='ocrx_word' id='word_1_107' title='bbox 976 1103 1106 1160; x_wconf 75' lang='grc' dir='ltr'>ἰχθύν</span> <span class='ocrx_word' id='word_1_108' title='bbox 1131 1102 1229 1156; x_wconf 81' lang='grc' dir='ltr'>μητ’</span> <span class='ocrx_word' id='word_1_109' title='bbox 1253 1102 1380 1157; x_wconf 78' lang='grc' dir='ltr'>ιἰλλῳ</span> 
     </span>
     <span class='ocr_line' id='line_1_18' title="bbox 180 1160 1382 1234; baseline 0 -32"><span class='ocrx_word' id='word_1_110' title='bbox 180 1161 423 1203; x_wconf 80' lang='grc' dir='ltr'>συνειδέναι</span> <span class='ocrx_word' id='word_1_111' title='bbox 467 1162 672 1234; x_wconf 45' lang='grc' dir='ltr'>λαβόντι,</span> <span class='ocrx_word' id='word_1_112' title='bbox 717 1161 787 1203; x_wconf 82' lang='grc' dir='ltr'>διὰ</span> <span class='ocrx_word' id='word_1_113' title='bbox 834 1161 882 1203; x_wconf 85' lang='grc' dir='ltr'>τὸ</span> <span class='ocrx_word' id='word_1_114' title='bbox 925 1164 1087 1211; x_wconf 71' lang='grc' dir='ltr'>λαβεῖν</span> <span class='ocrx_word' id='word_1_115' title='bbox 1130 1160 1208 1213; x_wconf 86' lang='grc' dir='ltr'>μὲν</span> <span class='ocrx_word' id='word_1_116' title='bbox 1248 1160 1382 1202; x_wconf 83' lang='grc' dir='ltr'>αὐτὸν</span> 
     </span>
     <span class='ocr_line' id='line_1_19' title="bbox 179 1218 1380 1275; baseline 0 -15"><span class='ocrx_word' id='word_1_117' title='bbox 179 1219 298 1275; x_wconf 80' lang='grc' dir='ltr'>ἔχειν</span> <span class='ocrx_word' id='word_1_118' title='bbox 325 1218 369 1261; x_wconf 83' lang='grc' dir='ltr'>δὲ</span> <span class='ocrx_word' id='word_1_119' title='bbox 399 1220 556 1275; x_wconf 80' lang='grc' dir='ltr'>ἕτερον,</span> <span class='ocrx_word' id='word_1_120' title='bbox 583 1219 628 1261; x_wconf 79' lang='grc' dir='ltr'>ὃν</span> <span class='ocrx_word' id='word_1_121' title='bbox 655 1219 847 1273; x_wconf 81' lang='grc' dir='ltr'>ἐδίδαξεν</span> <span class='ocrx_word' id='word_1_122' title='bbox 879 1219 1109 1271; x_wconf 84' lang='grc' dir='ltr'>ἀπομόσαι</span> <span class='ocrx_word' id='word_1_123' title='bbox 1142 1219 1280 1260; x_wconf 74' lang='grc' dir='ltr'>πάλιν</span> <span class='ocrx_word' id='word_1_124' title='bbox 1312 1218 1380 1260; x_wconf 86' lang='grc' dir='ltr'>ὅτι</span> 
     </span>
     <span class='ocr_line' id='line_1_20' title="bbox 179 1276 1379 1333; baseline 0 -15"><span class='ocrx_word' id='word_1_125' title='bbox 179 1277 269 1318; x_wconf 81' lang='grc' dir='ltr'>οὔτ’</span> <span class='ocrx_word' id='word_1_126' title='bbox 313 1276 443 1322; x_wconf 83' lang='grc' dir='ltr'>αὐτὸς</span> <span class='ocrx_word' id='word_1_127' title='bbox 495 1277 663 1327; x_wconf 75' lang='grc' dir='ltr'>ἔλαβεν</span> <span class='ocrx_word' id='word_1_128' title='bbox 715 1277 805 1319; x_wconf 76' lang='grc' dir='ltr'>οὐτ’</span> <span class='ocrx_word' id='word_1_129' title='bbox 848 1277 991 1318; x_wconf 80' lang='grc' dir='ltr'>ἄλλον</span> <span class='ocrx_word' id='word_1_130' title='bbox 1040 1277 1200 1333; x_wconf 80' lang='grc' dir='ltr'>ἔχοντα</span> <span class='ocrx_word' id='word_1_131' title='bbox 1250 1276 1379 1318; x_wconf 82' lang='grc' dir='ltr'>οἶδεν·</span> 
     </span>
    </p>
   </div>
   <div class='ocr_carea' id='block_1_5' title="bbox 178 1334 1148 1392">
    <p class='ocr_par' dir='ltr' id='par_1_5' title="bbox 178 1334 1148 1392">
     <span class='ocr_line' id='line_1_21' title="bbox 178 1334 1148 1392; baseline 0.003 -16"><span class='ocrx_word' id='word_1_132' title='bbox 178 1335 349 1391; x_wconf 82' lang='grc' dir='ltr'>εἰληφει</span> <span class='ocrx_word' id='word_1_133' title='bbox 370 1335 447 1387; x_wconf 83' lang='grc' dir='ltr'>μὲν</span> <span class='ocrx_word' id='word_1_134' title='bbox 469 1335 553 1391; x_wconf 81' lang='grc' dir='ltr'>γὰρ</span> <span class='ocrx_word' id='word_1_135' title='bbox 579 1335 598 1377; x_wconf 88' lang='grc' dir='ltr'>ὁ</span> <span class='ocrx_word' id='word_1_136' title='bbox 623 1338 773 1381; x_wconf 85' lang='grc' dir='ltr'>Λᾶσος</span> <span class='ocrx_word' id='word_1_137' title='bbox 797 1335 912 1392; x_wconf 83' lang='grc' dir='ltr'>εἶχεν</span> <span class='ocrx_word' id='word_1_138' title='bbox 938 1335 982 1377; x_wconf 83' lang='grc' dir='ltr'>δὲ</span> <span class='ocrx_word' id='word_1_139' title='bbox 1003 1334 1148 1380; x_wconf 71' lang='grc' dir='ltr'>αὐτὸς</span> 
     </span>
    </p>
   </div>
   <div class='ocr_carea' id='block_1_6' title="bbox 174 1426 1383 1890">
    <p class='ocr_par' dir='ltr' id='par_1_6' title="bbox 174 1426 1383 1890">
     <span class='ocr_line' id='line_1_22' title="bbox 238 1426 1383 1471; baseline 0.001 -4"><span class='ocrx_word' id='word_1_140' title='bbox 238 1431 340 1470; x_wconf 78' lang='lat' dir='ltr'><strong>Plut.</strong></span> <span class='ocrx_word' id='word_1_141' title='bbox 370 1431 441 1469; x_wconf 66' lang='lat' dir='ltr'>lit.</span> <span class='ocrx_word' id='word_1_142' title='bbox 465 1432 610 1469; x_wconf 71' lang='lat' dir='ltr'><em>Pud.5</em></span> <span class='ocrx_word' id='word_1_143' title='bbox 674 1427 728 1471; x_wconf 89' lang='grc' dir='ltr'>ὡς</span> <span class='ocrx_word' id='word_1_144' title='bbox 759 1426 832 1467; x_wconf 79' lang='grc' dir='ltr'>οὖν</span> <span class='ocrx_word' id='word_1_145' title='bbox 861 1429 1046 1468; x_wconf 88' lang='grc' dir='ltr'>πολλῶν</span> <span class='ocrx_word' id='word_1_146' title='bbox 1072 1429 1218 1468; x_wconf 89' lang='grc' dir='ltr'>κακῶν</span> <span class='ocrx_word' id='word_1_147' title='bbox 1239 1427 1383 1468; x_wconf 87' lang='grc' dir='ltr'>αἴτιον</span> 
     </span>
     <span class='ocr_line' id='line_1_23' title="bbox 177 1484 1380 1540; baseline 0 -14"><span class='ocrx_word' id='word_1_148' title='bbox 177 1484 225 1526; x_wconf 80' lang='grc' dir='ltr'>τὸ</span> <span class='ocrx_word' id='word_1_149' title='bbox 258 1485 429 1539; x_wconf 82' lang='grc' dir='ltr'>νόσημα</span> <span class='ocrx_word' id='word_1_150' title='bbox 462 1484 577 1527; x_wconf 83' lang='grc' dir='ltr'>τοῦτ’</span> <span class='ocrx_word' id='word_1_151' title='bbox 613 1484 659 1526; x_wconf 84' lang='grc' dir='ltr'>ὂν</span> <span class='ocrx_word' id='word_1_152' title='bbox 691 1484 924 1540; x_wconf 85' lang='grc' dir='ltr'>πειρατέον</span> <span class='ocrx_word' id='word_1_153' title='bbox 959 1484 1291 1536; x_wconf 81' lang='grc' dir='ltr'>ἀποβιάζεσθαι</span> <span class='ocrx_word' id='word_1_154' title='bbox 1327 1487 1380 1539; x_wconf 84' lang='grc' dir='ltr'>τῇ</span> 
     </span>
     <span class='ocr_line' id='line_1_24' title="bbox 176 1542 1380 1598; baseline 0.001 -15"><span class='ocrx_word' id='word_1_155' title='bbox 176 1543 365 1596; x_wconf 75' lang='grc' dir='ltr'>ἀσκήσει</span> <span class='ocrx_word' id='word_1_156' title='bbox 401 1577 408 1584; x_wconf 94' lang='grc'><strong>.</strong></span> <span class='ocrx_word' id='word_1_157' title='bbox 445 1576 452 1585; x_wconf 92' lang='grc'><strong>.</strong></span> <span class='ocrx_word' id='word_1_158' title='bbox 489 1576 497 1584; x_wconf 88' lang='grc'><strong>.</strong></span> <span class='ocrx_word' id='word_1_159' title='bbox 532 1543 674 1598; x_wconf 80' lang='grc' dir='ltr'>ἕτερος</span> <span class='ocrx_word' id='word_1_160' title='bbox 716 1546 972 1596; x_wconf 83' lang='grc' dir='ltr'>παρακαλεῖ</span> <span class='ocrx_word' id='word_1_161' title='bbox 1014 1542 1216 1594; x_wconf 78' lang='grc' dir='ltr'>κυβεύειν</span> <span class='ocrx_word' id='word_1_162' title='bbox 1258 1542 1380 1598; x_wconf 80' lang='grc' dir='ltr'>παρὰ</span> 
     </span>
     <span class='ocr_line' id='line_1_25' title="bbox 175 1599 1378 1670; baseline -0.001 -28"><span class='ocrx_word' id='word_1_163' title='bbox 175 1600 327 1642; x_wconf 84' lang='grc' dir='ltr'>πότον·</span> <span class='ocrx_word' id='word_1_164' title='bbox 360 1601 419 1654; x_wconf 83' lang='grc' dir='ltr'>μὴ</span> <span class='ocrx_word' id='word_1_165' title='bbox 443 1600 710 1655; x_wconf 82' lang='grc' dir='ltr'>δυσωπηθῇς</span> <span class='ocrx_word' id='word_1_166' title='bbox 738 1600 846 1654; x_wconf 82' lang='grc' dir='ltr'>μηδὲ</span> <span class='ocrx_word' id='word_1_167' title='bbox 876 1599 1021 1656; x_wconf 84' lang='grc' dir='ltr'>δείσῃς</span> <span class='ocrx_word' id='word_1_168' title='bbox 1049 1599 1378 1670; x_wconf 82' lang='grc' dir='ltr'>σκωπτόμενρς,</span> 
     </span>
     <span class='ocr_line' id='line_1_26' title="bbox 176 1657 1380 1714; baseline 0 -15"><span class='ocrx_word' id='word_1_169' title='bbox 176 1658 280 1700; x_wconf 82' lang='grc' dir='ltr'>ἀλλ’</span> <span class='ocrx_word' id='word_1_170' title='bbox 319 1659 470 1714; x_wconf 88' lang='grc' dir='ltr'>ὥσπερ</span> <span class='ocrx_word' id='word_1_171' title='bbox 514 1659 784 1714; x_wconf 81' lang='grc' dir='ltr'>Ξειοφιὶνης,</span> <span class='ocrx_word' id='word_1_172' title='bbox 818 1658 974 1700; x_wconf 83' lang='grc' dir='ltr'>Λάσου</span> <span class='ocrx_word' id='word_1_173' title='bbox 1012 1677 1089 1700; x_wconf 86' lang='grc' dir='ltr'>του</span> <span class='ocrx_word' id='word_1_174' title='bbox 1121 1657 1380 1712; x_wconf 81' lang='grc' dir='ltr'>Ερμιονέως</span> 
     </span>
     <span class='ocr_line' id='line_1_27' title="bbox 174 1715 1376 1789; baseline -0.001 -31"><span class='ocrx_word' id='word_1_175' title='bbox 174 1716 233 1770; x_wconf 86' lang='grc' dir='ltr'>μὴ</span> <span class='ocrx_word' id='word_1_176' title='bbox 262 1716 536 1770; x_wconf 80' lang='grc' dir='ltr'>βουλόμενον</span> <span class='ocrx_word' id='word_1_177' title='bbox 565 1718 683 1772; x_wconf 81' lang='grc' dir='ltr'>αὐτῷ</span> <span class='ocrx_word' id='word_1_178' title='bbox 696 1715 1007 1789; x_wconf 69' lang='grc' dir='ltr'>συγκυβεύειν</span> <span class='ocrx_word' id='word_1_179' title='bbox 1036 1716 1181 1758; x_wconf 85' lang='grc' dir='ltr'>δειλὸν</span> <span class='ocrx_word' id='word_1_180' title='bbox 1208 1733 1376 1758; x_wconf 84' lang='grc' dir='ltr'>αποκα-</span> 
     </span>
     <span class='ocr_line' id='line_1_28' title="bbox 176 1772 1380 1829; baseline 0 -14"><span class='ocrx_word' id='word_1_181' title='bbox 176 1778 369 1823; x_wconf 81' lang='grc' dir='ltr'>λοῦντος,</span> <span class='ocrx_word' id='word_1_182' title='bbox 395 1777 615 1828; x_wconf 81' lang='grc' dir='ltr'>ὡμολογεῖ</span> <span class='ocrx_word' id='word_1_183' title='bbox 635 1774 708 1816; x_wconf 87' lang='grc' dir='ltr'>καὶ</span> <span class='ocrx_word' id='word_1_184' title='bbox 731 1775 849 1815; x_wconf 83' lang='grc' dir='ltr'>πάνυ</span> <span class='ocrx_word' id='word_1_185' title='bbox 878 1773 1019 1820; x_wconf 84' lang='grc' dir='ltr'>δειλὸς</span> <span class='ocrx_word' id='word_1_186' title='bbox 1048 1773 1158 1816; x_wconf 85' lang='grc' dir='ltr'>εἶναι</span> <span class='ocrx_word' id='word_1_187' title='bbox 1185 1773 1293 1829; x_wconf 74' lang='grc' dir='ltr'>πρὸς</span> <span class='ocrx_word' id='word_1_188' title='bbox 1324 1772 1380 1815; x_wconf 82' lang='grc' dir='ltr'>τὰ</span> 
     </span>
     <span class='ocr_line' id='line_1_29' title="bbox 176 1832 672 1890; baseline 0 -16"><span class='ocrx_word' id='word_1_189' title='bbox 176 1832 346 1890; x_wconf 81' lang='grc' dir='ltr'>αἰσχρὰ</span> <span class='ocrx_word' id='word_1_190' title='bbox 370 1833 442 1874; x_wconf 78' lang='grc' dir='ltr'>καὶ</span> <span class='ocrx_word' id='word_1_191' title='bbox 467 1832 672 1887; x_wconf 80' lang='grc' dir='ltr'>ἄτολμος.</span> 
     </span>
    </p>
   </div>
   <div class='ocr_carea' id='block_1_7' title="bbox 174 1961 1378 2090">
    <p class='ocr_par' dir='ltr' id='par_1_7' title="bbox 174 1961 1378 2090">
     <span class='ocr_line' id='line_1_30' title="bbox 218 1961 1376 2003; baseline -0.001 -10"><span class='ocrx_word' id='word_1_192' title='bbox 218 1962 229 1981; x_wconf 82' lang='lat'>¹</span> <span class='ocrx_word' id='word_1_193' title='bbox 253 1961 295 1993; x_wconf 83' lang='lat' dir='ltr'>cf.</span> <span class='ocrx_word' id='word_1_194' title='bbox 312 1962 411 2003; x_wconf 77' lang='lat' dir='ltr'>Diog.</span> <span class='ocrx_word' id='word_1_195' title='bbox 428 1962 463 1993; x_wconf 90' lang='lat' dir='ltr'>L.</span> <span class='ocrx_word' id='word_1_196' title='bbox 484 1964 509 1993; x_wconf 93' lang='lat' dir='ltr'>l.</span> <span class='ocrx_word' id='word_1_197' title='bbox 528 1963 553 1993; x_wconf 92' lang='grc'>1.</span> <span class='ocrx_word' id='word_1_198' title='bbox 572 1963 614 1992; x_wconf 79' lang='grc'>42</span> <span class='ocrx_word' id='word_1_199' title='bbox 627 1963 651 2001; x_wconf 90' lang='lat'>(‘</span> <span class='ocrx_word' id='word_1_200' title='bbox 665 1972 727 1993; x_wconf 80' lang='lat' dir='ltr'>son</span> <span class='ocrx_word' id='word_1_201' title='bbox 741 1962 776 1993; x_wconf 87' lang='lat' dir='ltr'>of</span> <span class='ocrx_word' id='word_1_202' title='bbox 792 1961 1376 2003; x_wconf 77' lang='lat' dir='ltr'>CharmantidesorSisymbrinus,</span> 
     </span>
     <span class='ocr_line' id='line_1_31' title="bbox 174 2005 1378 2046; baseline -0.001 -10"><span class='ocrx_word' id='word_1_203' title='bbox 174 2017 213 2036; x_wconf 79' lang='grc' dir='ltr'>οι·</span> <span class='ocrx_word' id='word_1_204' title='bbox 229 2005 415 2046; x_wconf 74' lang='lat' dir='ltr'>according</span> <span class='ocrx_word' id='word_1_205' title='bbox 433 2010 469 2036; x_wconf 86' lang='lat' dir='ltr'>to</span> <span class='ocrx_word' id='word_1_206' title='bbox 487 2006 730 2042; x_wconf 76' lang='lat' dir='ltr'>Aristoxenus,</span> <span class='ocrx_word' id='word_1_207' title='bbox 747 2005 783 2036; x_wconf 81' lang='lat' dir='ltr'>of</span> <span class='ocrx_word' id='word_1_208' title='bbox 799 2005 996 2037; x_wconf 83' lang='lat' dir='ltr'>Charbinus</span> <span class='ocrx_word' id='word_1_209' title='bbox 1008 2006 1030 2045; x_wconf 76' lang='lat'>&#39;)</span> <span class='ocrx_word' id='word_1_210' title='bbox 1078 2006 1090 2024; x_wconf 87' lang='lat'>²</span> <span class='ocrx_word' id='word_1_211' title='bbox 1108 2005 1150 2037; x_wconf 81' lang='lat' dir='ltr'>ef.</span> <span class='ocrx_word' id='word_1_212' title='bbox 1172 2005 1266 2037; x_wconf 70' lang='lat' dir='ltr'>Stob.</span> <span class='ocrx_word' id='word_1_213' title='bbox 1290 2006 1378 2046; x_wconf 72' lang='lat' dir='ltr'>App.</span> 
     </span>
     <span class='ocr_line' id='line_1_32' title="bbox 175 2048 1378 2090; baseline -0.001 -10"><span class='ocrx_word' id='word_1_214' title='bbox 175 2052 205 2080; x_wconf 79' lang='lat'>4.</span> <span class='ocrx_word' id='word_1_215' title='bbox 225 2051 276 2081; x_wconf 85' lang='lat'>41.</span> <span class='ocrx_word' id='word_1_216' title='bbox 309 2051 358 2088; x_wconf 79' lang='lat'>17,</span> <span class='ocrx_word' id='word_1_217' title='bbox 379 2050 472 2081; x_wconf 55' lang='lat' dir='ltr'><strong>(lais.</strong></span> <span class='ocrx_word' id='word_1_218' title='bbox 507 2049 629 2081; x_wconf 62' lang='lat' dir='ltr'>‘Solon</span> <span class='ocrx_word' id='word_1_219' title='bbox 654 2049 737 2080; x_wconf 68' lang='lat' dir='ltr'>took</span> <span class='ocrx_word' id='word_1_220' title='bbox 763 2060 780 2080; x_wconf 81' lang='lat' dir='ltr'>a</span> <span class='ocrx_word' id='word_1_221' title='bbox 806 2059 886 2080; x_wconf 84' lang='lat' dir='ltr'>man</span> <span class='ocrx_word' id='word_1_222' title='bbox 912 2053 948 2081; x_wconf 79' lang='lat' dir='ltr'>to</span> <span class='ocrx_word' id='word_1_223' title='bbox 974 2049 1053 2081; x_wconf 78' lang='lat' dir='ltr'>task</span> <span class='ocrx_word' id='word_1_224' title='bbox 1079 2049 1132 2081; x_wconf 86' lang='lat' dir='ltr'>for</span> <span class='ocrx_word' id='word_1_225' title='bbox 1155 2048 1286 2090; x_wconf 75' lang='lat' dir='ltr'>dic-ing,</span> <span class='ocrx_word' id='word_1_226' title='bbox 1308 2048 1378 2080; x_wconf 81' lang='lat' dir='ltr'>and</span> 
     </span>
    </p>
   </div>
   <div class='ocr_carea' id='block_1_8' title="bbox 178 2112 252 2148">
    <p class='ocr_par' dir='ltr' id='par_1_8' title="bbox 178 2112 252 2148">
     <span class='ocr_line' id='line_1_33' title="bbox 178 2112 252 2148; baseline -0.014 0"><span class='ocrx_word' id='word_1_227' title='bbox 178 2112 252 2148; x_wconf 87' lang='lat'>226</span> 
     </span>
    </p>
   </div>
  </div>
 </body>
</html>
