1526 2458
611 184 756 221 LYRA
798 184 1021 222 GRAECA

264 286 411 343 'pre
432 286 510 341 μὲν
529 285 812 341 ”Αδείμαντος
832 286 1083 340 Ἀθηναίοις
1104 287 1168 331 ὅτ’
1190 287 1312 332 ἐνίκα

330 344 554 402 Ἀντιοχὶς
578 345 696 400 φυλὴ
720 344 951 388 δαιδάλεον
974 345 1180 402 τρίποδα·
1197 347 1214 373 1

273 403 542 459 Ξεινοφίλου
566 403 610 446 δὲ
632 403 721 447 τόθ’
746 404 835 449 υίὸς
857 404 1135 459 Ἀριστείδης
1157 406 1360 463 ἐχορήγει

331 461 586 515 πεντήκοντ’
610 462 778 518 ἀνδρῶν
799 462 918 504 καλὰ
939 462 1126 514 μαθόντι
1148 468 1282 522 χορῷ·
1299 466 1314 490 ²

271 521 383 573 ἀμφὶ
409 519 680 575 διδασκαλίῃ
704 520 748 563 δὲ
770 520 987 577 Σιμωνίδῃ
1011 522 1174 564 ἕσπετο
1197 522 1325 569 κῦδος

330 578 668 634 ὀγδωκονταέτει
691 579 817 622 παιδὶ
841 579 1145 636 Λεωπρέπεος.

255 772 359 803 Antlz.
382 772 455 804 Pal.
480 772 531 805 13.
547 771 589 803 ‘28
607 771 830 812 [Βακχυλίδου
846 772 865 810 ἢ
883 771 1108 812 Σιμωνίδου]·3

272 832 482 875 Πολλάκι
517 831 567 886 δὴ
601 837 746 889 φυλῆς
782 832 1108 887 Ἀκαμαντίδος
1140 833 1184 875 ἐν
1213 836 1418 891 χοροῖσιν

379 890 518 947 ’ῒΩραι

328 948 618 1003 ἀνωλόλυξαν
642 947 932 1005 κισσοφόροις
956 949 1028 992 ἐπὶ
1051 949 1342 1006 διθυράμβοις

270 1007 318 1050 αἱ
340 1007 638 1056 Διονυσιάδες,
661 1007 863 1064 μίτραισι
887 1008 931 1051 δὲ
954 1008 1026 1050 καὶ
1047 1007 1186 1064 ῥόδων
1209 1008 1363 1055 ἀώτοις

331 1068 483 1122 σοφῶν
505 1065 665 1109 ἀοιδῶν
686 1066 904 1109 ἐσκίασαν
925 1066 1124 1123 λιπαρὰν
1145 1066 1332 1123 ἔθειραν·

233 1137 252 1167 5
275 1125 317 1167 οἳ
358 1124 480 1168 τόνδε
533 1123 720 1180 τρίποδα
771 1124 905 1182 σφίσι
954 1125 1156 1181 μάρτυρα
1207 1125 1417 1183 Βακχίων

389 1184 552 1236 ἔθηκαν

329 1242 492 1289 ἄθλων,
544 1240 730 1288 ἐκείνους
789 1239 829 1296 γ’
881 1239 1136 1296 Ἀντιγένης
1188 1241 1418 1285 ἐδίδασκεν
1478 1293 1484 1299 ·

447 1300 639 1355 ἄνδρας·4

272 1360 318 1402 εὖ
385 1358 420 1399 δ’
483 1358 720 1411 ἐτιθηνεῖτο
781 1357 1003 1415 γλυκερὰν
1059 1357 1129 1401 ὄπ’
1180 1357 1417 1413 Ἀθηνάοις

387 1416 607 1472 Ἀρίστων

328 1475 525 1531 Ἀργεῖος
586 1475 664 1529 ἡδὺ
721 1478 894 1529 πνεῦμα
945 1474 1059 1532 χέων
1111 1475 1320 1530 καθαροῖς
1372 1476 1415 1518 ἐν

442 1533 631 1582 αὐλοῖς,5

275 1595 360 1634 τῶν
381 1592 656 1650 ἐχορήγησεν
677 1591 843 1634 κύκλον
862 1591 1102 1647 μελιγήρυν
1123 1590 1376 1639 Ἱππόνικος
1390 1592 1407 1618 ⁶

217 1663 256 1693 10
331 1650 607 1706 Στρούθωνος
638 1649 727 1696 υἱὸς
759 1650 953 1706 ἅρμασιν
977 1651 1019 1692 ἐν
1045 1649 1253 1706 Χαρίτων
1281 1655 1416 1707 φορη-

449 1708 551 1757 θείς,

273 1767 327 1810 αἴ
351 1767 391 1810 οἱ
416 1766 482 1810 ἐπ’
515 1766 772 1824 ἀνθρώπους
803 1766 939 1820 ὄνομα
970 1765 1135 1809 κλυτὸν
1165 1767 1344 1822 ιἰγλαάν
1370 1785 1418 1810 τε

422 1826 431 1838 Ι

391 1844 513 1869 νικαν

332 1885 433 1926 θεοῦ
455 1883 493 1927 θ’
519 1885 642 1927 ἕκατι
666 1884 805 1937 θῆκαν
827 1883 1102 1939 ἰοστεφάνων
1126 1901 1173 1926 τε
1195 1885 1389 1926 Μοισᾶν.
1406 1883 1422 1909 ⁷

259 2000 272 2020 ¹
297 2001 355 2039 μὲν
380 2001 584 2042 Ἀδείμαντος
607 2002 657 2033 E:
685 2001 782 2032 Plan.
802 2000 862 2040 μὲν
880 2001 960 2039 Ἀδ.,
981 2001 1045 2032 Ἀδ.
1065 2000 1125 2040 μὲν
1145 2000 1206 2032 ΤΖ.
1319 2000 1332 2020 ²
1354 1999 1421 2032 τόθ’

216 2047 266 2077 H:
294 2056 363 2076 mss
383 2059 431 2078 τις
521 2046 535 2064 ³
560 2045 685 2076 lemma
709 2044 797 2076 adds
820 2046 993 2076 ineorrect
1015 2044 1230 2086 description
1253 2043 1289 2076 of
1311 2048 1423 2077 metre

216 2089 227 2108 ⁴
252 2089 431 2122 Mein.-E:
457 2100 508 2121 ms
526 2089 650 2122 ἀέθλων
672 2088 676 2131 Ι
697 2091 807 2127 θῆκαν·
833 2089 956 2121 κείνους
973 2089 998 2120 δ’
1089 2088 1102 2108 ⁵
1127 2088 1176 2120 ὄπ’
1196 2086 1360 2127 Ἀθηναίοις
1376 2089 1417 2128 E,

218 2164 295 2201 390
