1511 2458
566 162 633 198 LY
642 162 712 198 ΗΑ
753 162 976 199 GRAECA

163 267 311 315 oppido
343 269 521 316 antiquo.
578 266 619 302 hi
651 280 692 303 se
725 272 885 316 patrum
920 267 1125 304 fortunam
1156 281 1202 305 ac
1233 268 1365 318 digni—

163 326 291 358 tatem
324 334 563 370 recuperare
594 321 907 367 arbitrabantur,
940 335 1031 358 cum
1064 322 1132 358 illa
1170 325 1365 360 maiorum

163 381 401 412 ornamenta
439 378 479 411 in
515 388 652 412 eorum
696 376 845 425 oppido
883 376 1195 414 collocabantur.
1248 382 1365 414 erant

163 432 277 478 signa
307 443 355 466 ex
385 443 478 466 aere
507 430 736 479 complura:
767 433 808 467 in
840 430 900 467 his
930 433 1028 467 mira
1057 430 1362 481 pulchritudine

161 486 245 532 ipsa
287 484 468 529 Himera,
515 487 556 520 in
605 484 844 521 muliebrem
886 485 1054 532 figuram
1096 485 1362 535 habitumque

163 539 345 584 formata,
381 552 430 575 ex
462 539 599 587 oppidi
632 541 795 576 nomine
828 544 870 576 et
901 539 1086 576 fluminis.
1132 545 1219 577 erat
1239 542 1363 576 etiam

160 592 379 629 Stesichori
412 598 556 642 poetae
591 598 725 630 statua
756 593 892 630 senilis
925 596 1089 631 incurva
1121 607 1212 631 cum
1247 594 1362 640 libro,

159 660 328 693 summo,
350 652 394 684 ut
424 653 586 696 putant,
606 647 774 684 artificio
795 648 925 692 facta3
955 651 1023 698 qui
1044 648 1123 686 fuit
1153 649 1360 695 Himerae,

160 701 230 737 sed
273 707 315 738 et
355 707 417 738 est
459 707 501 738 et
542 701 619 738 fuit
659 707 746 739 tota
788 702 957 739 Graecia
997 716 1154 740 summo
1197 708 1362 753 propter

159 758 370 805 ingenium
401 756 553 793 honore
585 762 627 793 et
657 759 837 795 nomine.

212 846 326 881 lusor.
353 846 418 882 (ir.
455 847 514 883 14.
550 846 650 881 1213
665 845 677 868 1
712 845 890 882 Hermae
913 845 1188 895 fragmentum
1208 845 1360 884 Tibure

154 905 361 949 repertum
379 914 385 936 :

301 962 633 1022 [Σ]Τησίχορ[ος
657 964 936 1020 Ε]ὐκλείδο[υ
957 963 1229 1021 Ἱ]μεραῖο[ς]

210 1056 306 1093 Ath.
334 1057 392 1094 14.
418 1057 493 1093 638
510 1070 530 1094 e

211 1145 308 1181 Plin.
328 1145 377 1183 N.
396 1145 450 1183 H.
471 1145 528 1181 lO.
546 1145 594 1181 43
613 1143 680 1196 [de
702 1145 894 1181 lusciniae
909 1142 1072 1196 cantu]:
1095 1145 1355 1195 breviterque

154 1203 287 1235 omnia
330 1205 413 1236 tam
453 1199 626 1248 parvulis
668 1202 709 1235 in
752 1199 947 1244 faucibus,
990 1211 1092 1248 quae
1145 1201 1354 1249 exquisitis

154 1255 342 1290 tibiarum
359 1257 574 1290 tormentis
594 1267 656 1290 ars
678 1254 887 1289 hominum
909 1255 1178 1302 excogitavit3
1210 1258 1255 1290 ut
1270 1266 1352 1290 non

153 1311 204 1344 ¹sit
225 1308 392 1345 dubium
423 1308 526 1344 hanc
547 1311 787 1345 suavitatem
819 1312 1181 1357 praemonstratam
1203 1307 1351 1344 efficaci

152 1366 341 1412 auspicio,
363 1376 454 1399 cum
474 1365 515 1398 in
537 1376 604 1399 ore
626 1362 846 1399 Stesichori
868 1364 1016 1399 cecinit
1036 1361 1213 1399 infantis.

206 1450 336 1486 Amin.
408 1450 529 1487 Marc.
599 1450 660 1486 38.
703 1451 725 1486 4
757 1479 763 1486 .
798 1479 805 1486 .
838 1479 845 1486 .
878 1449 1129 1486 destinatum
1196 1462 1350 1498 poenae

151 1504 357 1541 Socratem
406 1507 716 1554 coniectumque
769 1507 811 1540 in
863 1516 1066 1541 carcerem
1114 1516 1350 1553 perrogasse

150 1559 352 1608 quendam
392 1562 493 1596 scite
533 1559 647 1609 lyrici
685 1571 848 1595 carmen
883 1557 1104 1595 Stesichori
1137 1557 1347 1594 modulan-

149 1618 247 1658 tem,
278 1619 323 1649 ut
356 1613 396 1650 id
431 1626 552 1662 agere
591 1613 806 1650 doceretur
845 1612 942 1649 dum
981 1612 1136 1658 liceret,
1176 1614 1347 1649 interro-

147 1673 353 1717 ganteque
401 1670 554 1704 musico
597 1667 693 1717 quid
738 1670 775 1704 ei
822 1669 974 1716 poterit
1020 1666 1096 1703 hoc
1144 1666 1348 1716 prodesse,

148 1723 402 1771 respondisse
453 1727 525 1759 ‘ut
579 1721 730 1772 aliquid
783 1724 914 1758 sciens
966 1721 1138 1771 amplius
1192 1734 1213 1758 e
1267 1723 1348 1758 vita

147 1775 353 1813 discedam
373 1776 379 1787 ¹

524 1875 535 1894 ¹
560 1874 602 1907 cf.
625 1874 717 1906 lbid.
739 1876 785 1906 14.
807 1875 902 1905 2414.
923 1875 965 1905 53

191 1979 200 1997 ¹
225 1980 267 2010 cf.
300 1980 404 2011 Anth.
438 1981 510 2010 I'ul.
543 1981 572 2011 2.
609 1981 668 2010 12⁸3
822 1979 834 1997 ²
860 1979 919 2010 the
951 1978 1185 2011 resemblance
1217 1981 1254 2010 to
1284 1978 1346 2010 the

144 2028 242 2063 story
266 2024 302 2053 of
331 2024 432 2056 Solon
461 2023 528 2055 and
557 2024 698 2066 Sappho
723 2023 751 2053 is
779 2022 874 2066 perh.
903 2026 965 2056 not
989 2021 1185 2055 accidental
1210 2022 1290 2062 (vol.
1319 2023 1340 2056 i.

144 2077 176 2107 p.
203 2069 274 2105 140)

147 2141 194 2173 24
