1511 2458
546 378 1002 422 ANAKPEONTOE

724 480 825 526 Βίος

228 571 305 607 Str.
345 572 404 609 14.
446 571 519 609 64ss
580 566 654 608 καὶ
694 585 718 617 η
761 565 875 612 Τέως
917 566 961 608 δὲ
1003 566 1076 608 ἐπὶ
1119 583 1374 637 χερρονησῳ

169 624 342 679 ἵδρυται
370 624 528 693 λιμένα
558 625 744 681 ἔχουσα·
779 624 936 667 ἐνθένδ
971 625 1092 667 ἐστὶν
1128 623 1376 679 Ἀνακρέων

172 681 192 724 ὁ
214 682 464 734 μελοποιός,
483 681 547 738 ἐφ’
571 689 621 725 οὑ
642 685 766 734 Τήιοι
788 702 866 733 την
889 682 1022 725 πόλιν
1040 681 1296 727 ἐκλιπόντες
1318 683 1376 727 εἰς

163 740 374 793 ”Αβδηρα
407 740 654 797 ἀπῴκησαν
686 740 888 800 Ορακιάν
919 740 1067 789 πόλιν,
1090 741 1139 783 οὐ
1170 740 1374 813 φέροντες

171 817 249 850 την
281 801 366 841 τῶν
398 801 585 854 Περσῶν
615 800 758 855 ὕβριν,
783 798 857 855 αφ’
882 799 931 842 οὗ
963 799 1037 842 καὶ
1070 798 1186 841 τοῦτ’
1207 799 1375 868 εἴρηται

171 856 401 910 ίἈβδηροι
433 857 551 910 καλὴ
585 859 729 910 Τηίων
760 857 971 909 (immin)
1027 858 1166 899 πάλιν
1198 855 1232 898 δ
1266 857 1372 899 ἐπα-

169 915 330 968 νῆλθόν
353 933 463 960 τινες
485 916 630 958 αὐτῶν
652 914 796 972 χρόνῳ
821 916 1017 971 ὕστερον.

228 995 402 1030 Alistox.
436 993 551 1043 Ftffag
586 993 685 1029 Ilist.
723 993 788 1030 Gr.
818 994 853 1032 2.
881 994 969 1032 279.
998 995 1047 1033 23
1105 989 1147 1044 φΙ
1182 989 1266 1045 *γὰρ
1299 990 1373 1032 καὶ

170 1046 220 1089 ιδ
266 1046 340 1098 ἔτη
390 1047 575 1100 ἕὙΎιστα
625 1046 713 1088 ἀπὸ
762 1049 846 1089 τῶν
886 1049 1090 1100 Τρωῐκῶν
1133 1048 1375 1104 ιστορεῖται

170 1104 300 1175 μέχρι
323 1105 604 1160 Ξενοφάνους
633 1108 710 1147 τοῦ
739 1108 932 1160 φυσικου
961 1105 1034 1147 καὶ
1063 1108 1149 1148 τῶν
1168 1105 1373 1162 Ἀνακρέ-

171 1161 293 1208 οντός
325 1181 371 1205 τε
403 1164 479 1205 καὶ
518 1163 836 1218 Πολυκράτους
869 1162 1039 1220 χρόνων
1070 1164 1146 1206 καὶ
1179 1168 1254 1217 τῆς
1289 1164 1374 1207 ὑπὸ

169 1219 402 1275 ‘Apvra'yov
453 1224 530 1263 τοῦ
582 1220 740 1274 ΒΙηδου
788 1221 944 1263 Ἰωνων
992 1222 1253 1276 πολιορκίας
1300 1222 1376 1265 καὶ

170 1279 459 1324 ἀναστάσεως
497 1279 550 1331 ὴν
593 1280 792 1324 Φωκαεῖς
836 1279 1046 1334 φυγόντες
1090 1280 1377 1327 ἈΙασσαλίαν

172 1336 365 1393 ᾤκησαν.

226 1412 370 1450 Euseb.
402 1412 465 1449 Ol.
496 1414 555 1451 62.
584 1414 630 1451 2:
662 1412 874 1450 Anacreon
905 1412 1051 1463 lyricus
1081 1419 1203 1463 poeta
1231 1427 1374 1464 agnos-

170 1470 284 1503 citur.

226 1539 335 1577 Suid.
404 1535 665 1591 Ἀνακρέων·
727 1537 869 1591 Τήϊος,
917 1537 1108 1593 λυρικός,
1159 1537 1373 1583 Σκυθίνου

173 1593 275 1639 υἱός·
329 1593 368 1636 οἱ
410 1594 454 1635 δὲ
498 1594 720 1648 Εὐμήλου,
763 1595 803 1637 οἱ
849 1594 894 1637 δε
941 1596 1201 1651 Παρθενίου,
1244 1597 1283 1639 οἱ
1329 1596 1375 1640 δὲ

170 1651 504 1708 Ἀριστοκρίτου
546 1652 777 1706 ἐδόξασαν.
848 1653 1044 1710 ἔγραψεν
1084 1656 1258 1709 ἐλεγεῖα
1297 1655 1372 1697 καὶ

173 1710 377 1763 ἰάμβους,
420 1710 530 1752 Ἰάδι
572 1711 719 1753 πάντα
766 1711 996 1768 διαλέκτῳ.
1065 1713 1216 1767 ’γε’νγονε
1259 1712 1374 1756 κατὰ

171 1768 468 1824 Πολυκράτην
514 1768 589 1810 τὸν
634 1769 784 1823 Σάμου
835 1769 1055 1823 τύραννον,
1097 1771 1372 1821 Ὀλυμπιάδι

171 1825 274 1879 ξβ’.1
333 1826 372 1867 οἱ
401 1826 445 1868 δὲ
476 1827 549 1869 ἐπὶ
582 1826 727 1882 Κύρου
753 1827 825 1869 καὶ
861 1828 1112 1881 Καμβύσου
1137 1829 1372 1872 τάττουσιν

171 1882 303 1926 αὐτὸν
344 1884 457 1926 κατὰ
499 1884 578 1936 τὴν
611 1884 698 1938 ξέῗ
729 1884 1029 1940 Ὀλυμπιάδα·
1092 1887 1293 1930 ἐκπεσὼν
1327 1887 1372 1929 δὲ

195 1941 260 1984 ’έω
317 1941 389 1984 διὰ
440 1941 518 1995 τὴν
566 1941 780 1986 Ἱστιαίου
836 1945 1147 1987 ἐπανάστασιν
1203 1943 1372 2001 ᾤκησεν

472 2039 484 2058 ¹
507 2050 576 2071 mss
594 2039 646 2075 νβ’
905 2040 917 2059 ²
943 2051 1011 2072 mss
1027 2041 1072 2074 ve‘

176 2096 190 2122 1
202 2096 249 2120 20
