1526 2458
601 194 747 232 LYRA
789 197 1011 235 GRAECA

261 304 358 344 Ath
458 305 542 343 4021
574 301 639 373 [π.
674 302 824 358 οἱνου]·
877 301 1117 357 Σιμωνίδης
1154 323 1232 358 την
1268 305 1404 359 αὐτην

202 357 344 414 ιἰρχην
367 357 541 411 τίθησιν
563 360 682 401 οἴνου
705 362 778 403 καὶ
800 365 1026 414 μουσικῆς,

260 450 365 489 Plut.
400 450 507 490 (ons,
541 451 665 501 Apoll.
704 453 726 489 6
787 444 1027 501 Σιμωνίδης
1068 447 1088 490 ὁ
1131 467 1218 492 των
1257 452 1402 504 μελῶν

199 504 383 557 ποιητὴς
414 504 672 546 Παυσανίου
703 508 779 547 τοῦ
808 506 1037 556 βασιλέως
1071 510 1157 550 τῶν
1188 508 1402 551 Λακεδαι-

197 562 357 615 μονίων
376 563 799 619 μεγαλαυχουμένου
822 567 1015 620 συνεχῶς
1039 565 1112 606 ἐπὶ
1143 570 1237 611 ταῖς
1266 568 1403 609 αὐτου

199 620 391 676 πράξεσι
440 621 512 663 καὶ
561 621 816 667 κελεύοντος
866 623 1142 677 ἀπαγγειλαί
1192 642 1233 667 τι
1284 625 1402 681 αὐτῷ

199 678 339 733 σοφὸν
363 679 473 733 μετὰ
502 683 777 736 χλευασμοῦ,
803 681 944 725 συνεὶς
972 682 1108 724 αὐτοῦ
1137 681 1214 735 τὴν
1245 683 1402 737 ὑπερη-

198 736 361 793 φανίαν
380 737 674 788 συνεβούλευε
689 739 983 793 μεμνῆσθαι’
961 758 1028 782 οτι
1045 740 1310 796 ἄνθρωπος’
1291 759 1400 784 εστι.

258 832 361 872 Ibid.
397 832 468 872 lit,
500 832 624 873 ΊΙιειη,
656 834 678 871 5
741 829 791 870 οὐ
823 846 906 881 μην
938 827 1058 870 ἀλλὰ
1092 832 1182 875 τοῖς
1213 832 1402 876 πολλοῖς

197 886 446 941 ἐνήρμοττε,
470 890 598 929 τοῦτο
630 886 705 939 μὲν
736 886 929 928 ἑκάστου
959 889 1044 928 τῶν
1077 891 1274 930 πολιτῶν
1304 888 1400 930 τοῦ-

198 962 309 997 νομα
359 944 502 999 λέΎων
553 944 641 986 ἀπὸ
695 943 928 998 στόματος,
976 948 1106 987 τοῦτο
1157 946 1200 988 δὲ
1250 946 1404 1002 κριτὴν

198 1003 387 1058 ἀσφαλῆ
430 1004 528 1059 περὶ
575 1003 630 1045 τὰ
679 1004 940 1056 συμβολαῖα
982 1003 1191 1060 παρέχων
1232 1003 1400 1047 ἑαυτόν.

198 1060 314 1103 ὥστε
348 1079 434 1103 που
470 1061 544 1103 καὶ
577 1061 685 1116 πρὸς
721 1060 964 1115 Σιμωνίδην
997 1061 1070 1104 τὸν
1104 1064 1235 1105 Κεῖον
1265 1063 1402 1106 εἰπεῖν

198 1118 454 1171 αἰτούμενόν
485 1138 526 1161 τι
560 1122 644 1162 τῶν
675 1120 724 1161 οὐ
755 1118 941 1174 μετρίων
973 1120 1077 1172 ’παρ’
1099 1121 1236 1163 αὐτοῦ
1268 1139 1402 1177 στρα-

199 1181 447 1231 τηγοῦντος,
488 1179 541 1222 ὡς
584 1176 671 1220 οὔτ’
711 1178 870 1222 ἐκεῖνος
911 1178 962 1219 ἂν
1004 1179 1174 1232 «γένοιτο
1217 1179 1401 1232 ποιητὴς

197 1235 361 1290 ἀγαθὸς
412 1235 526 1278 ἄδων
567 1235 691 1291 παρὰ
737 1238 870 1289 με’λος
915 1236 1005 1278 ούτ
1048 1236 1178 1283 αὐτὸς
1225 1238 1401 1283 ἀστεῖος

195 1293 346 1350 ἄρχων
368 1293 489 1348 παρὰ
513 1294 641 1348 νόμον
662 1293 959 1350 χαριζόμενος.

257 1387 512 1426 A·1ist.]1'l1et.
543 1388 742 1425 2.]3913
769 1388 792 1424 8
825 1380 891 1436 [7r.
925 1380 1156 1437 πλούτου]
1198 1381 1297 1424 ὅθεν
1327 1381 1401 1424 καὶ

199 1439 247 1481 τὸ
270 1440 512 1495 Σιμωνίδου
535 1441 700 1497 εἴρηται
729 1439 831 1496 περὶ
860 1442 945 1481 τῶν
973 1443 1126 1492 σοφῶν
1156 1440 1232 1482 καὶ
1263 1445 1400 1482 πλου-

196 1496 303 1540 σίων
345 1498 453 1553 πρὸς
494 1498 572 1552 τὴν
612 1502 803 1553 «γυναῖκα
845 1515 923 1551 την
962 1497 1155 1552 Ἱερωνος
1198 1498 1403 1554 ἐρομενην

196 1556 380 1609 πότερον
421 1556 628 1611 «γενέσθαι
676 1560 874 1610 κρεῖττον
917 1555 1137 1598 πλούσιον
1177 1556 1204 1610 ἢ
1245 1555 1400 1612 σοφόν,

197 1615 416 1657 πλούσιον
445 1616 597 1658 εἰπεῖν·
637 1616 736 1660 τοὺς
768 1613 935 1670 σοφοὺς
962 1613 1048 1669 «γὰρ
1080 1614 1162 1670 ἔφη
1193 1613 1296 1671 ὁρᾶν
1327 1614 1400 1658 ἐπὶ

198 1676 293 1718 ταῖς
317 1676 402 1716 τῶν
424 1673 654 1716 πλουσίων
679 1673 827 1729 θύραις
851 1672 1176 1728 διατρίβοντας.

252 1760 329 1796 Cic.
363 1760 473 1796 NJ).
507 1761 539 1798 1.
573 1761 621 1797 22
683 1760 813 1808 Roges
852 1772 916 1796 me
951 1758 1048 1808 quid
1086 1764 1157 1796 aut
1194 1758 1311 1809 quale
1350 1761 1402 1795 sit

196 1813 310 1859 deus,
331 1820 494 1851 auctore
517 1820 606 1851 utar
626 1813 847 1859 Simonide,
861 1813 912 1850 de
934 1826 1011 1862 quo
1027 1826 1116 1850 cum
1139 1815 1402 1863 quaesivisset

197 1868 271 1904 hoc
312 1869 419 1905 idem
458 1874 654 1919 tyrannus
695 1869 834 1913 Hiem,
873 1867 1125 1904 deliberandi
1163 1868 1237 1904 sibi
1275 1880 1400 1904 unum

196 1922 304 1959 diem
326 1923 567 1972 postulavit3
595 1936 685 1959 cum
706 1922 814 1959 idem
836 1935 884 1958 ex
902 1935 949 1958 eo
966 1922 1158 1971 postridie
1175 1927 1402 1972 quaereret,

195 1977 363 2013 biduum
395 1980 565 2027 petivit3
609 1991 698 2014 cum
731 1978 888 2026 saepius
922 1976 1150 2026 duplicaret
1187 1989 1400 2013 numerum

243 2101 250 2119 ¹
278 2102 356 2133 Ael.
391 2103 478 2133 ΚΗ.
509 2103 539 2133 9.
569 2104 607 2133 41
642 2101 730 2133 adds
762 2101 843 2134 that
871 2101 971 2133 when
999 2100 1110 2143 dying
1136 2100 1172 2132 of
1203 2100 1338 2142 hunger
1365 2100 1401 2131 in

200 2165 277 2199 260
