1526 2458
542 166 609 202 LY
620 167 689 203 ΒΛ
729 168 950 205 GRAECA

202 278 322 314 Arist.
350 278 520 328 Metaph.
547 280 644 317 1091
662 293 683 314 a
704 281 727 317 5
779 272 927 315 πάντα
950 273 999 327 δὴ
1024 276 1166 316 ταῦτα
1189 273 1347 329 ἄλογα,

143 332 215 374 καὶ
239 349 432 387 μαχεται
461 332 537 373 καὶ
565 331 679 374 αὐτὰ
710 333 881 377 ἑαυτοῖς
910 350 983 374 και
1016 336 1105 377 τοῖς
1136 331 1348 386 εὐλόγοις,

144 390 216 432 καὶ
252 390 390 431 ἔοικεν
426 389 469 431 ε’ν
505 391 654 434 αὐτοῖς
688 390 797 432 εἶναι
840 388 861 431 ὁ
903 389 1144 444 Σιμωνίδου
1184 390 1349 445 μακρὸς

142 448 286 501 λόγος·
327 447 523 519 γίγνεται
545 447 630 504 γὰρ
649 447 668 489 ὁ
691 447 858 503 μακρὸς
878 447 1009 502 λόγος
1032 447 1182 503 ὥσπερ
1213 447 1233 491 ὁ
1263 451 1349 491 τῶν

144 505 358 548 δούλων“’
336 524 441 548 οταν
463 506 641 560 μηθὲν’
625 507 738 561 υγιὲς
760 505 967 560 λέγωσιν.

202 607 317 644 Alex.
342 606 469 656 Aphr.
492 608 541 643 ad
563 606 627 643 loc.
652 608 687 646 4
710 621 747 657 p.
770 608 846 645 827
870 606 1040 643 Brandis
1101 600 1150 643 τὸ
1174 600 1219 644 δὲ
1252 634 1260 643 .
1296 635 1304 643 .
1341 634 1350 643 .

145 660 286 716 σαφὲς
326 661 454 703 ἔσται
496 660 753 716 προειδόσι1
787 660 850 705 τίς
893 662 1014 702 ἐστιν
1055 658 1075 702 ὁ
1110 658 1351 713 Σιμωνίδου

143 718 288 771 λόγος.
353 717 373 760 ὁ
396 718 680 773 Σιμωνίδης’
662 737 704 761 εν
727 723 815 765 τοῖς
841 718 991 772 λόγοις
1013 736 1084 764 ους
1108 717 1352 764 Ἀτάκτους

145 777 380 832 ἐπιγράφει
402 780 599 831 μιμεῖται
621 788 695 820 καί
713 776 832 830 λέγει
851 795 921 821 ους
946 776 1058 822 εἰκός
1076 778 1173 819 ἐστι
1192 776 1350 830 λόγους

144 835 289 889 λέγειν
311 834 493 881 δούλους
523 835 788 880 ἐπταικότας
818 834 926 890 πρὸς
958 834 1176 879 δεσπότας
1205 835 1348 889 ἐξετά-

145 896 294 945 ζοντας
322 893 479 938 αὐτους
508 892 623 939 τίνος
654 894 779 936 ἕνεκα
809 896 949 935 ταῦτα
979 892 1238 935 ἐπταίκασι·
1276 892 1350 935 καὶ

146 969 264 993 ποιει
290 951 447 997 αὐτοὺς
477 951 860 1006 ἀπολογουμένους
887 951 1032 1005 λέγειν
1062 951 1178 993 πάνυ
1203 949 1350 1004 μακρὰ

144 1010 218 1051 καὶ
264 1010 431 1058 πολλα,
479 1009 602 1052 οὐδὲν
654 1010 698 1052 δὲ
751 1009 865 1064 ὑγιὲς
910 1029 936 1062 η
985 1009 1183 1057 πιθανόν,
1229 1009 1352 1051 ἀλλὰ

146 1071 234 1109 πᾶν
268 1067 316 1109 τὸ
343 1067 656 1124 ἐπιφερόμενον
682 1067 874 1110 ἐναντίον
905 1071 964 1123 τῷ
997 1066 1349 1123 προφρασθέντι·

145 1129 342 1168 τοιοῦτον
362 1125 447 1180 γὰρ
475 1127 529 1172 ὡς
560 1126 672 1171 εἰκὸς
700 1126 748 1168 τὸ
778 1126 1015 1181 βάρβαρον
1044 1126 1118 1168 καὶ
1150 1125 1351 1172 παιδείας

145 1183 338 1239 ἄμοιρον.

206 1281 318 1317 I'ind.
346 1281 403 1318 ()l.
428 1282 462 1320 2.
486 1282 536 1320 94
600 1309 607 1317 .
643 1309 650 1317 .
685 1275 822 1332 σοφὸς
847 1275 866 1318 ὁ
888 1275 1043 1318 ’πολλὰ
1060 1275 1180 1321 εἰδὼς
1203 1278 1306 1333 φυᾷ·

262 1334 475 1388 μαθόντες
498 1334 541 1377 δὲ
561 1335 729 1389 λάβροι

263 1393 569 1449 παγγλωσσίᾳ
591 1394 772 1448 κόρακες
795 1392 848 1438 ὣς
873 1392 1071 1448 ἄκραντα
1089 1392 1298 1447 γαρύετον

264 1451 368 1496 Διὸς
390 1451 496 1505 πρὸς
518 1452 675 1507 ὄρνιχα
700 1451 826 1493 θεῖον.

206 1549 340 1588 Schol.
390 1550 439 1586 ml
486 1549 553 1587 loc.
632 1542 870 1585 αἰνίττεται
933 1541 1221 1599 Βακχυλίδην
1277 1543 1350 1585 καὶ

147 1600 404 1656 Σιμωνίδην,
429 1602 585 1645 ἑαυτὸν
615 1601 756 1654 λέγων
786 1600 926 1649 ἀετόν,
950 1600 1143 1657 κόρακας
1175 1600 1219 1644 δὲ
1250 1601 1350 1646 τοὺς

148 1661 442 1718 ἀντιτέχνους.

205 1756 671 1795 8011.Pind.Nem.4.35
708 1783 715 1791 .
744 1782 752 1791 .
779 1782 786 1791 .
813 1749 1049 1804 Σιμωνίδης
1071 1749 1352 1806 παρεκβασει

147 1812 348 1868 χρῆσθαι,
369 1811 529 1853 εἴωθεν.

205 1909 318 1947 Eust.
338 1909 506 1946 l'rooem.
527 1908 627 1945 Com,
648 1906 757 1944 l’ind.
776 1907 825 1944 25
887 1899 1100 1956 Πίνδαρός
1131 1904 1246 1958 φασι
1278 1901 1350 1945 καὶ

146 1962 388 2016 Σιμωνίδου
409 1963 584 2016 ἤκουσε.

595 2068 606 2088 ²
631 2079 700 2100 mss
715 2071 903 2111 προειποῦσι

153 2135 227 2182 264
