1511 2458
561 511 949 557 ETHEIXOPOT

709 615 810 660 Βίος

211 700 305 737 Sim.
328 700 392 737 Fr.
429 701 471 736 61
496 714 502 737 :

194 779 305 821 οὕτω
329 778 622 836 νγιὶρἸΟμηρος
646 780 718 834 ἠδὲ
742 777 1019 837 Στασίχορος
1036 780 1159 823 ἄεισε
1180 784 1320 826 λαοῖς.

218 870 320 907 Plut.
344 871 446 908 ssIus.
481 873 501 907 3
539 867 599 920 [π
631 865 779 915 Λίνου,
811 866 1073 921 Θαμύριδος,
1103 866 1358 922 Δημοδόκου

159 942 196 965 κ.
205 926 322 979 τ..λ]·
362 925 411 967 οὐ
443 924 686 979 λελυμένην
717 924 749 967 δ’
785 925 895 967 εἶναι
924 928 1010 967 τῶν
1038 925 1360 982 προειρημέιων

159 1001 237 1036 την
260 985 344 1025 τῶν
367 984 626 1038 ποιημάτων
646 983 766 1038 λέξιν
795 983 869 1025 καὶ
889 983 1047 1039 μέτρον
1068 985 1145 1026 οὐκ
1167 984 1359 1041 ἔχουσαν

159 1041 280 1082 αλλὰ
309 1042 514 1096 καθάπερ
541 1041 822 1115 Στησιχόρου
854 1061 900 1084 τε
935 1042 1007 1085 καὶ
1044 1045 1131 1085 τῶν
1163 1042 1360 1114 ἀρχαίων

158 1103 408 1153 μελοποιῶν
431 1100 473 1142 οἳ
496 1103 720 1147 ποιοῦντες
743 1100 827 1154 ἔπη
846 1100 1015 1147 τούτοις
1036 1100 1149 1155 μέλη
1173 1100 1358 1157 περιετί-

161 1159 307 1200 θέσαν.

221 1246 323 1285 Ibid.
358 1246 378 1284 7
454 1242 520 1284 ὅτι
563 1242 596 1284 δ’
639 1243 758 1285 ἐστὶν
782 1242 1017 1297 Ὀλύμπου
1061 1241 1081 1285 ὁ
1120 1242 1360 1298 Αρμάτιος

164 1298 304 1354 νόμος,
331 1301 378 1342 ἐκ
400 1319 474 1353 της
510 1301 713 1343 Γλαύκου
736 1303 992 1358 ἀνανγραφης
1018 1305 1094 1354 τῆς
1113 1301 1252 1356 εὙπὲρ
1275 1303 1360 1343 τῶν

161 1358 386 1415 Ἀρχαίων
422 1361 625 1411 Ποιητῶν
657 1360 791 1413 μαθοι
826 1360 878 1401 ἄν
914 1379 992 1408 τις,
1030 1359 1103 1402 καὶ
1137 1359 1200 1402 ἔτι
1237 1358 1358 1414 Γγνοίη

162 1417 229 1459 ὅτι
277 1414 553 1475 Στησιχορος
604 1417 624 1460 ὁ
665 1418 877 1474 Ιμεραῖος
919 1417 1008 1460 οὔτ’
1048 1417 1221 1474 Ὀρφέα
1261 1417 1361 1460 οὔτε

161 1475 441 1530 Τέρπανδρον
474 1477 563 1519 οὔτ’
588 1474 865 1533 Ἀρχίλοχον
892 1477 995 1548 ρῦτε
1026 1476 1240 1530 Θαλήταν
1272 1475 1359 1530 ἐμι-

160 1552 347 1588 μησατο,
373 1534 478 1575 ἀλλ’
487 1534 736 1587 ”()λυμπον,
750 1535 1030 1591 χρησάμενος
1052 1538 1110 1577 τῶ
1133 1533 1361 1591 Αρματίῳ

161 1591 276 1648 νόμῳ
318 1593 391 1634 καὶ
433 1596 492 1648 τῷ
533 1592 650 1635 κατὰ
692 1593 914 1635 δάκτυλον
955 1592 1070 1641 εὶδει,
1108 1593 1131 1635 ὅ
1169 1611 1281 1638 τινες
1313 1592 1361 1645 ἐξ

161 1649 339 1706 Ὀρθίου
372 1649 503 1705 νόμου
536 1657 675 1706 φασιν
706 1651 829 1694 εἶναι.

220 1742 321 1779 Ibid.
358 1743 404 1779 12
466 1737 563 1780 ἔστι
596 1737 641 1780 δέ
677 1755 741 1784 τις
782 1736 1062 1791 Ἀλκμανικὴ
1104 1735 1361 1791 καινοτομία

162 1797 268 1849 (τῶν
297 1797 494 1851 ῥυθμῶν)
527 1796 601 1838 καὶ
632 1795 964 1853 Στησιχόρειος,
999 1796 1074 1839 καὶ
1116 1795 1246 1838 αὑταὶ
1281 1794 1360 1837 οὐκ

161 1854 426 1909 ἀφεστῶσαι
459 1857 535 1897 τοῦ
567 1857 720 1897 καλοῦ.

220 1945 328 1982 Suid.
408 1937 596 1995 Σαπφώ·
635 1973 643 1982 .
679 1974 686 1982 .
722 1973 729 1981 .
762 1943 966 1994 «γε’γονυῖα
1007 1938 1122 1981 κατὰ
1161 1938 1242 1992 τὴν
1282 1938 1363 1993 μβ’

159 1996 461 2052 Ὀλυμπιάδα,
485 1999 557 2040 ὅτε
579 1999 653 2041 καὶ
673 1997 886 2044 Ἀλκαῖος
918 1999 968 2051 ἧν
993 1998 1068 2040 καὶ
1090 1996 1364 2052 Στησίχορος

163 2057 237 2098 καὶ
262 2056 496 2101 Πιττακός.

167 2144 213 2179 14
