1526 2458
634 147 781 184 LYRA
822 147 1044 184 GRAECA

281 316 357 349 Sch.
380 316 481 348 Pind.
502 316 545 346 N.
573 315 601 348 7.
632 316 641 345 l
693 315 867 354 [Ἐλειθυῒα
891 314 1025 368 πρίρεδρε
1052 314 1198 356 Μοιρᾶν]·
1228 337 1234 344 .
1263 338 1269 345 .
1296 339 1302 345 .
1333 313 1436 353 Ἀρισ-

237 360 376 398 τόδημος
393 361 427 392 δὲ
445 363 460 392 ὁ
480 358 696 399 Ἀριστάρχου
716 359 859 397 μαθητὴς
879 357 1017 394 βέλτιον
1035 359 1118 390 οὕτω
1139 356 1251 398 φησίν·
1278 356 1346 409 5416a
1358 369 1437 388 ποτε

237 405 282 446 τῷ
309 410 351 436 Θε
355 404 460 444 αρίωνι
489 405 538 435 καὶ
564 403 648 443 παρὰ
672 403 733 438 τὴν
761 402 892 439 ἡλικίαν
919 401 1092 441 προήκοντι
1118 399 1276 442 εὐξαμένῳ
1307 402 1346 442 τῇ
1380 400 1439 441 θεῷ

237 448 388 489 Σωγένην
419 448 625 485 τεκνωθῆναι,
662 446 713 478 καὶ
744 446 806 483 τὴν
837 445 894 477 τοῦ
920 448 1032 478 παιδὸς
1063 445 1161 477 αὐτοῦ
1192 444 1347 486 γέννησιν
1372 445 1441 477 οἱον

237 492 418 525 Εἰλειθυιας
442 493 520 524 εἶναι
546 491 653 530 χάριν·
680 490 728 520 διὰ
753 490 814 527 την
839 489 987 528 ἰδιότητα
1010 488 1091 530 γοῦν
1113 492 1172 528 τῆς
1196 488 1358 531 γενέσεως
1381 502 1438 521 του

237 536 381 577 ἀθλητοῦ
397 537 476 577 πρὸς
494 537 556 575 την
580 535 653 566 θεὸν
675 532 800 570 ταύτην
815 533 968 576 ἐπήρεισε
992 535 1052 565 τὸν
1072 532 1186 574 λόγον·
1211 532 1388 566 ἐπιστοῦτο
1406 531 1440 564 δὲ

237 583 336 613 τοῦτο
354 582 386 623 ἐξ
403 579 643 621 ἐπιγράμματος
662 578 849 617 Σιμωνίδου.

811 744 885 782 197

282 808 369 840 Ath.
390 808 438 838 l3
459 806 523 837 630
534 805 556 836 d
602 803 761 845 Χορωνόν.
814 805 930 836 Ἀπίωι
945 803 990 844 τῷ
1008 803 1079 844 περὶ
1096 816 1156 840 της
1168 801 1346 842 Ρωμαϊκῆς
1365 808 1439 834 Δια-

238 852 360 884 λέκτου
384 851 485 892 φησὶν
509 851 567 881 τὸν
592 850 757 889 στέφανον
778 847 880 880 παλαι
906 848 1051 889 χορωνὸν
1074 846 1275 885 καλούμενον
1298 847 1360 878 ἀπὸ
1384 859 1441 878 του

237 897 314 928 τοὺς
336 895 495 936 χορευτὰς
513 895 548 925 ἐν
566 897 635 925 τοῖς
657 893 806 925 θεάτροις
828 895 912 932 αὐτῷ
934 893 1089 933 χρῆσθαι,
1109 889 1224 922 αὐτούς
1246 903 1284 922 τε
1305 903 1441 932 περικει-

237 940 352 979 μένους
383 939 433 971 καὶ
473 938 526 969 ε’πὶ
564 939 622 969 τὸν
662 937 827 977 στέφανον
859 935 1123 976 ἀγωνιζομένους,
1158 935 1260 966 καθὼς
1297 937 1335 966 ἐν
1371 937 1441 967 τοῖς

239 983 436 1023 Σιμωνίδου’
441 981 690 1023 Επιγράαμασιν
706 982 783 1013 ι’δεΐν
800 979 891 1012 ἔστιν
907 981 1009 1012 ου’τως
1025 979 1238 1018 καλούμενον·

297 1054 467 1105 Φοῖβον
520 1052 563 1098 ὃς
620 1053 794 1107 ἁγεῖται
853 1054 1039 1098 <τοῖς>
1096 1049 1439 1106 Τυνδαρίδαισιν

413 1112 564 1154 ἀοιδᾶν

353 1169 554 1226 ἁμέτεροι
577 1168 769 1224 τέττιγες
792 1167 1103 1225 ἐπεστέψαντο
1125 1170 1321 1224 χορωνῶ.
1327 1167 1342 1193 ¹

806 1329 883 1368 198

281 1393 366 1425 Ath.
396 1395 426 1424 5.
449 1392 546 1425 210b
571 1417 578 1424 .
608 1417 614 1424 .
645 1417 651 1423 .
682 1391 825 1423 διάθεσιν
852 1391 887 1421 ἐν
910 1392 1063 1422 Φλιοῦντι
1088 1389 1171 1422 κατὰ
1193 1390 1255 1428 τὴν
1277 1388 1441 1430 πολεμάρ-

237 1450 330 1478 χειον
354 1438 456 1468 στοὰν
479 1436 708 1478 γεγραμμένην
732 1436 792 1467 ὑπὸ
817 1434 980 1468 Σίλλακος
1004 1436 1063 1466 τοῦ
1085 1434 1241 1474 Ῥηγίνου,
1263 1432 1299 1466 οῧ
1321 1446 1440 1474 μνημο-

238 1482 386 1513 νεύουσιν
401 1481 599 1522 Ἐπίχαρμος
617 1480 667 1512 καὶ
686 1480 870 1519 Σιμωνίδης.

805 1575 880 1614 199

282 1639 378 1672 Stob.
400 1640 469 1671 Ecl.
493 1639 520 1670 l.
540 1640 569 1670 8.
594 1639 632 1669 15
656 1638 702 1677 [π.
726 1635 845 1677 χρόνου
862 1635 972 1669 οὐσίας
996 1635 1046 1667 καὶ
1068 1638 1172 1677 μερῶν
1193 1635 1243 1668 καὶ
1264 1634 1375 1667 πόσων
1393 1637 1442 1673 εἵη

239 1685 367 1724 armos}
398 1683 572 1723 Σιμωνίδης
591 1684 626 1714 ἐκ
643 1685 708 1713 τῶν
725 1680 1007 1722 Ἐπιγραμμάτων·
1019 1679 1031 1698 ²

288 1745 420 1787 Οὐκ’
407 1744 530 1787 ἐστιν
544 1742 699 1798 μείζων
715 1742 917 1794 βάσανος
938 1738 1100 1797 χρόνου
1121 1738 1336 1786 οὐδενὸς”
1313 1757 1442 1796 εργου

345 1803 388 1850 ὃς
411 1803 484 1845 καὶ
507 1801 592 1845 ὑπὸ
615 1800 810 1856 στέρνοις
835 1798 987 1854 ἀνδρὸς
1010 1797 1144 1852 ἔδειξε
1166 1796 1276 1841 νόον.

281 1912 294 1931 ¹
318 1914 436 1948 Φοῖβον
458 1911 494 1942 ὃς
518 1909 609 1942 Wil:
640 1919 709 1941 mss
732 1911 848 1943 Φοῖβος
873 1909 969 1948 ἐσαγ.
1092 1918 1161 1938 τοις
1185 1907 1216 1938 Β
1332 1905 1443 1938 ἀοιδᾶν

239 1956 388 1997 ἁμέτεροι
405 1957 447 1986 B·
466 1955 560 1986 Hart
576 1968 583 1986 :
610 1964 679 1985 mss
696 1956 981 1992 αοιδησαναμετροι
1078 1950 1091 1969 ²
1114 1961 1152 1982 so
1168 1948 1251 1982 Cod.
1270 1949 1350 1983 Urs.v

281 2054 294 2073 1
318 2053 400 2085 date
417 2052 453 2083 of
471 2052 608 2093 victory
625 2049 790 2082 doubtful
805 2060 812 2086 ;
835 2048 932 2090 perh.
949 2049 1013 2079 485
1095 2046 1108 2066 ²
1130 2046 1217 2078 both
1234 2046 1322 2079 lines
1338 2045 1437 2089 prob.

238 2118 313 2152 402
