<?xml version="1.0" encoding="UTF-8"?>
<!DOCTYPE html PUBLIC "-//W3C//DTD XHTML 1.0 Transitional//EN"
    "http://www.w3.org/TR/xhtml1/DTD/xhtml1-transitional.dtd">
<html xmlns="http://www.w3.org/1999/xhtml" xml:lang="en" lang="en">
 <head>
  <title>
</title>
<meta http-equiv="Content-Type" content="text/html;charset=utf-8" />
  <meta name='ocr-system' content='tesseract 3.04.00' />
  <meta name='ocr-capabilities' content='ocr_page ocr_carea ocr_par ocr_line ocrx_word'/>
</head>
<body>
  <div class='ocr_page' id='page_1' title='image "./lyragraecabeingr02edmouoft_0078.png"; bbox 0 0 1511 2458; ppageno 0'>
   <div class='ocr_carea' id='block_1_1' title="bbox 564 139 974 176">
    <p class='ocr_par' dir='ltr' id='par_1_1' title="bbox 564 139 974 176">
     <span class='ocr_line' id='line_1_1' title="bbox 564 139 974 176; baseline -0.002 0"><span class='ocrx_word' id='word_1_1' title='bbox 564 140 712 176; x_wconf 84' lang='lat' dir='ltr'><strong>LYRA</strong></span> <span class='ocrx_word' id='word_1_2' title='bbox 751 139 974 176; x_wconf 81' lang='lat' dir='ltr'><strong>GRAECA</strong></span> 
     </span>
    </p>
   </div>
   <div class='ocr_carea' id='block_1_2' title="bbox 161 241 1367 1253">
    <p class='ocr_par' dir='ltr' id='par_1_2' title="bbox 161 241 1367 1118">
     <span class='ocr_line' id='line_1_2' title="bbox 167 241 1365 284; baseline 0.001 -12"><span class='ocrx_word' id='word_1_3' title='bbox 167 241 311 281; x_wconf 82' lang='grc' dir='ltr'>ἄγγελον</span> <span class='ocrx_word' id='word_1_4' title='bbox 336 243 386 274; x_wconf 80' lang='grc' dir='ltr'>καὶ</span> <span class='ocrx_word' id='word_1_5' title='bbox 415 242 586 283; x_wconf 83' lang='grc' dir='ltr'>ὑπηρέτην,</span> <span class='ocrx_word' id='word_1_6' title='bbox 615 243 705 275; x_wconf 76' lang='grc' dir='ltr'>εἰδώς</span> <span class='ocrx_word' id='word_1_7' title='bbox 728 255 767 282; x_wconf 90' lang='grc' dir='ltr'>γε</span> <span class='ocrx_word' id='word_1_8' title='bbox 790 243 853 282; x_wconf 82' lang='grc' dir='ltr'>μὴν</span> <span class='ocrx_word' id='word_1_9' title='bbox 876 243 974 273; x_wconf 80' lang='grc' dir='ltr'>κακὸν</span> <span class='ocrx_word' id='word_1_10' title='bbox 998 243 1104 284; x_wconf 82' lang='grc' dir='ltr'>θηρίον</span> <span class='ocrx_word' id='word_1_11' title='bbox 1127 244 1185 274; x_wconf 81' lang='grc' dir='ltr'>τὸν</span> <span class='ocrx_word' id='word_1_12' title='bbox 1209 242 1293 284; x_wconf 78' lang='grc' dir='ltr'>ὅφιν,</span> <span class='ocrx_word' id='word_1_13' title='bbox 1320 246 1365 282; x_wconf 80' lang='grc' dir='ltr'>τῷ</span> 
     </span>
     <span class='ocr_line' id='line_1_3' title="bbox 167 286 1367 328; baseline 0.002 -12"><span class='ocrx_word' id='word_1_14' title='bbox 167 288 309 326; x_wconf 74' lang='grc' dir='ltr'>δρεπάνῳ</span> <span class='ocrx_word' id='word_1_15' title='bbox 333 291 377 326; x_wconf 79' lang='grc' dir='ltr'>τῷ</span> <span class='ocrx_word' id='word_1_16' title='bbox 403 287 617 327; x_wconf 83' lang='grc' dir='ltr'>προειρημένῳ</span> <span class='ocrx_word' id='word_1_17' title='bbox 644 286 807 318; x_wconf 74' lang='grc' dir='ltr'>διακόπτει</span> <span class='ocrx_word' id='word_1_18' title='bbox 831 287 889 317; x_wconf 77' lang='grc' dir='ltr'>τὸν</span> <span class='ocrx_word' id='word_1_19' title='bbox 911 289 1000 328; x_wconf 84' lang='grc' dir='ltr'>θῆρα,</span> <span class='ocrx_word' id='word_1_20' title='bbox 1026 288 1077 318; x_wconf 85' lang='grc' dir='ltr'>καὶ</span> <span class='ocrx_word' id='word_1_21' title='bbox 1099 287 1208 325; x_wconf 87' lang='grc' dir='ltr'>μέντοι</span> <span class='ocrx_word' id='word_1_22' title='bbox 1230 286 1281 318; x_wconf 81' lang='grc' dir='ltr'>καὶ</span> <span class='ocrx_word' id='word_1_23' title='bbox 1302 289 1367 318; x_wconf 83' lang='grc' dir='ltr'>τῶν</span> 
     </span>
     <span class='ocr_line' id='line_1_4' title="bbox 167 329 1365 372; baseline 0.001 -12"><span class='ocrx_word' id='word_1_24' title='bbox 167 329 318 369; x_wconf 84' lang='grc' dir='ltr'>ἀφύκτων</span> <span class='ocrx_word' id='word_1_25' title='bbox 348 331 476 362; x_wconf 83' lang='grc' dir='ltr'>ἐκείνων</span> <span class='ocrx_word' id='word_1_26' title='bbox 508 332 647 372; x_wconf 83' lang='grc' dir='ltr'>εἱργμῶν</span> <span class='ocrx_word' id='word_1_27' title='bbox 681 344 718 362; x_wconf 88' lang='grc' dir='ltr'>τε</span> <span class='ocrx_word' id='word_1_28' title='bbox 754 331 804 362; x_wconf 81' lang='grc' dir='ltr'>καὶ</span> <span class='ocrx_word' id='word_1_29' title='bbox 837 333 964 370; x_wconf 79' lang='grc' dir='ltr'>δεσμῶν</span> <span class='ocrx_word' id='word_1_30' title='bbox 999 332 1058 361; x_wconf 80' lang='grc' dir='ltr'>τὸν</span> <span class='ocrx_word' id='word_1_31' title='bbox 1091 331 1188 362; x_wconf 80' lang='grc' dir='ltr'>ἀετὸν</span> <span class='ocrx_word' id='word_1_32' title='bbox 1219 329 1365 362; x_wconf 82' lang='grc' dir='ltr'>ἀπολύει.</span> 
     </span>
     <span class='ocr_line' id='line_1_5' title="bbox 167 373 1364 431; baseline 0.001 -27"><span class='ocrx_word' id='word_1_33' title='bbox 167 376 241 405; x_wconf 72' lang='grc' dir='ltr'>ἰδοῦ</span> <span class='ocrx_word' id='word_1_34' title='bbox 265 374 374 414; x_wconf 83' lang='grc' dir='ltr'>μέντοι</span> <span class='ocrx_word' id='word_1_35' title='bbox 398 374 557 431; x_wconf 80' lang='grc' dir='ltr'>πάρεργον</span> <span class='ocrx_word' id='word_1_36' title='bbox 581 379 624 414; x_wconf 78' lang='grc' dir='ltr'>τῷ</span> <span class='ocrx_word' id='word_1_37' title='bbox 651 375 737 415; x_wconf 84' lang='grc' dir='ltr'>ἀνδρὶ</span> <span class='ocrx_word' id='word_1_38' title='bbox 762 375 865 406; x_wconf 75' lang='grc' dir='ltr'>ταῦτα</span> <span class='ocrx_word' id='word_1_39' title='bbox 889 378 940 406; x_wconf 84' lang='grc' dir='ltr'>καὶ</span> <span class='ocrx_word' id='word_1_40' title='bbox 965 375 1002 412; x_wconf 90' lang='grc' dir='ltr'>δη</span> <span class='ocrx_word' id='word_1_41' title='bbox 1028 373 1249 415; x_wconf 81' lang='grc' dir='ltr'>διεπέπρακτο,</span> <span class='ocrx_word' id='word_1_42' title='bbox 1270 375 1364 412; x_wconf 80' lang='grc' dir='ltr'>ἀρυσ-</span> 
     </span>
     <span class='ocr_line' id='line_1_6' title="bbox 167 417 1366 474; baseline 0.001 -25"><span class='ocrx_word' id='word_1_43' title='bbox 167 418 281 457; x_wconf 80' lang='grc' dir='ltr'>άμενος</span> <span class='ocrx_word' id='word_1_44' title='bbox 299 417 331 449; x_wconf 83' lang='grc' dir='ltr'>δὲ</span> <span class='ocrx_word' id='word_1_45' title='bbox 349 420 387 449; x_wconf 77' lang='grc' dir='ltr'>τὸ</span> <span class='ocrx_word' id='word_1_46' title='bbox 405 421 486 459; x_wconf 75' lang='grc' dir='ltr'>ὕδωρ</span> <span class='ocrx_word' id='word_1_47' title='bbox 503 424 571 456; x_wconf 78' lang='grc' dir='ltr'>ήκε,</span> <span class='ocrx_word' id='word_1_48' title='bbox 593 418 643 450; x_wconf 78' lang='grc' dir='ltr'>καὶ</span> <span class='ocrx_word' id='word_1_49' title='bbox 667 420 745 459; x_wconf 81' lang='grc' dir='ltr'>πρὸς</span> <span class='ocrx_word' id='word_1_50' title='bbox 762 419 820 448; x_wconf 80' lang='grc' dir='ltr'>τὸν</span> <span class='ocrx_word' id='word_1_51' title='bbox 837 433 863 451; x_wconf 88' lang='grc' dir='ltr'>ο.</span> <span class='ocrx_word' id='word_1_52' title='bbox 859 426 922 450; x_wconf 85' lang='grc' dir='ltr'>“νον</span> <span class='ocrx_word' id='word_1_53' title='bbox 939 417 1075 459; x_wconf 79' lang='grc' dir='ltr'>κεράσας</span> <span class='ocrx_word' id='word_1_54' title='bbox 1093 421 1186 460; x_wconf 84' lang='grc' dir='ltr'>ὤρεξε</span> <span class='ocrx_word' id='word_1_55' title='bbox 1195 421 1316 474; x_wconf 59' lang='lat' dir='ltr'><strong><em>famu,</em></strong></span> <span class='ocrx_word' id='word_1_56' title='bbox 1337 419 1366 450; x_wconf 81' lang='grc' dir='ltr'>οἱ</span> 
     </span>
     <span class='ocr_line' id='line_1_7' title="bbox 167 461 1365 504; baseline 0.001 -11"><span class='ocrx_word' id='word_1_57' title='bbox 167 461 238 493; x_wconf 79' lang='grc' dir='ltr'>δὲ“’</span> <span class='ocrx_word' id='word_1_58' title='bbox 223 476 282 503; x_wconf 90' lang='grc' dir='ltr'>αρα</span> <span class='ocrx_word' id='word_1_59' title='bbox 303 461 427 503; x_wconf 81' lang='grc' dir='ltr'>ἐξέπιον</span> <span class='ocrx_word' id='word_1_60' title='bbox 444 463 494 494; x_wconf 79' lang='grc' dir='ltr'>καὶ</span> <span class='ocrx_word' id='word_1_61' title='bbox 517 463 634 501; x_wconf 82' lang='grc' dir='ltr'>ἀμυστὶ</span> <span class='ocrx_word' id='word_1_62' title='bbox 658 464 708 493; x_wconf 84' lang='grc' dir='ltr'>καὶ</span> <span class='ocrx_word' id='word_1_63' title='bbox 730 465 857 496; x_wconf 84' lang='grc' dir='ltr'>πολλὰς</span> <span class='ocrx_word' id='word_1_64' title='bbox 879 463 930 493; x_wconf 87' lang='grc' dir='ltr'>ἐπὶ</span> <span class='ocrx_word' id='word_1_65' title='bbox 950 466 994 502; x_wconf 84' lang='grc' dir='ltr'>τῷ</span> <span class='ocrx_word' id='word_1_66' title='bbox 1012 463 1142 504; x_wconf 82' lang='grc' dir='ltr'>ἀρίστῳ.</span> <span class='ocrx_word' id='word_1_67' title='bbox 1193 462 1315 502; x_wconf 82' lang='grc' dir='ltr'>ἔμελλε</span> <span class='ocrx_word' id='word_1_68' title='bbox 1332 462 1365 494; x_wconf 90' lang='grc' dir='ltr'>δε</span> 
     </span>
     <span class='ocr_line' id='line_1_8' title="bbox 167 506 1365 548; baseline 0.001 -10"><span class='ocrx_word' id='word_1_69' title='bbox 167 507 217 538; x_wconf 82' lang='grc' dir='ltr'>καὶ</span> <span class='ocrx_word' id='word_1_70' title='bbox 245 508 342 538; x_wconf 76' lang='grc' dir='ltr'>αὐτὸς</span> <span class='ocrx_word' id='word_1_71' title='bbox 367 508 415 537; x_wconf 80' lang='grc' dir='ltr'>ἐπ’</span> <span class='ocrx_word' id='word_1_72' title='bbox 440 507 572 538; x_wconf 85' lang='grc' dir='ltr'>ἐκείνοις</span> <span class='ocrx_word' id='word_1_73' title='bbox 597 508 734 538; x_wconf 80' lang='grc' dir='ltr'>πίεσθαι·</span> <span class='ocrx_word' id='word_1_74' title='bbox 762 507 861 547; x_wconf 85' lang='grc' dir='ltr'>ἔτυχε</span> <span class='ocrx_word' id='word_1_75' title='bbox 885 508 948 548; x_wconf 85' lang='grc' dir='ltr'>γὰρ</span> <span class='ocrx_word' id='word_1_76' title='bbox 978 506 1138 547; x_wconf 77' lang='grc' dir='ltr'>ὑπηρέτης</span> <span class='ocrx_word' id='word_1_77' title='bbox 1163 509 1233 538; x_wconf 84' lang='grc' dir='ltr'>κατ’</span> <span class='ocrx_word' id='word_1_78' title='bbox 1261 506 1365 540; x_wconf 75' lang='grc' dir='ltr'>ἐκεῖνό</span> 
     </span>
     <span class='ocr_line' id='line_1_9' title="bbox 166 549 1366 592; baseline 0 -11"><span class='ocrx_word' id='word_1_79' title='bbox 166 564 231 582; x_wconf 90' lang='grc' dir='ltr'>πως</span> <span class='ocrx_word' id='word_1_80' title='bbox 255 553 314 582; x_wconf 84' lang='grc' dir='ltr'>τοῦ</span> <span class='ocrx_word' id='word_1_81' title='bbox 338 554 446 592; x_wconf 79' lang='grc' dir='ltr'>καίρου</span> <span class='ocrx_word' id='word_1_82' title='bbox 471 551 546 581; x_wconf 84' lang='grc' dir='ltr'>ἀλλ’</span> <span class='ocrx_word' id='word_1_83' title='bbox 571 553 606 582; x_wconf 80' lang='grc' dir='ltr'>οὐ</span> <span class='ocrx_word' id='word_1_84' title='bbox 631 549 798 589; x_wconf 78' lang='grc' dir='ltr'>συμπότης</span> <span class='ocrx_word' id='word_1_85' title='bbox 823 554 874 583; x_wconf 84' lang='grc' dir='ltr'>ὥν.</span> <span class='ocrx_word' id='word_1_86' title='bbox 923 551 990 582; x_wconf 73' lang='grc' dir='ltr'>ἐπεὶ</span> <span class='ocrx_word' id='word_1_87' title='bbox 1009 551 1041 582; x_wconf 81' lang='grc' dir='ltr'>δὲ</span> <span class='ocrx_word' id='word_1_88' title='bbox 1063 554 1131 583; x_wconf 79' lang='grc' dir='ltr'>τοῖς</span> <span class='ocrx_word' id='word_1_89' title='bbox 1155 551 1288 591; x_wconf 83' lang='grc' dir='ltr'>χείλεσι</span> <span class='ocrx_word' id='word_1_90' title='bbox 1304 551 1366 588; x_wconf 77' lang='grc' dir='ltr'>τὴν</span> 
     </span>
     <span class='ocr_line' id='line_1_10' title="bbox 166 594 1366 637; baseline -0.001 -11"><span class='ocrx_word' id='word_1_91' title='bbox 166 595 283 626; x_wconf 81' lang='grc' dir='ltr'>κύλικα</span> <span class='ocrx_word' id='word_1_92' title='bbox 307 597 482 635; x_wconf 78' lang='grc' dir='ltr'>προσῆγεν,</span> <span class='ocrx_word' id='word_1_93' title='bbox 512 598 527 626; x_wconf 86' lang='grc' dir='ltr'><em>ὁ</em></span> <span class='ocrx_word' id='word_1_94' title='bbox 558 596 670 626; x_wconf 77' lang='grc' dir='ltr'>σωθεὶς</span> <span class='ocrx_word' id='word_1_95' title='bbox 695 595 788 627; x_wconf 80' lang='grc' dir='ltr'>ἀετὸς</span> <span class='ocrx_word' id='word_1_96' title='bbox 821 594 959 637; x_wconf 77' lang='grc' dir='ltr'>ζωάγρια</span> <span class='ocrx_word' id='word_1_97' title='bbox 990 595 1123 626; x_wconf 83' lang='grc' dir='ltr'>ἐκτίνων</span> <span class='ocrx_word' id='word_1_98' title='bbox 1147 597 1176 626; x_wconf 80' lang='grc' dir='ltr'>οἱ</span> <span class='ocrx_word' id='word_1_99' title='bbox 1203 595 1253 626; x_wconf 77' lang='grc' dir='ltr'>καὶ</span> <span class='ocrx_word' id='word_1_100' title='bbox 1283 595 1366 627; x_wconf 80' lang='grc' dir='ltr'>κατὰ</span> 
     </span>
     <span class='ocr_line' id='line_1_11' title="bbox 164 639 1363 680; baseline 0.001 -11"><span class='ocrx_word' id='word_1_101' title='bbox 164 640 273 678; x_wconf 84' lang='grc' dir='ltr'>τύχην</span> <span class='ocrx_word' id='word_1_102' title='bbox 289 639 412 678; x_wconf 66' lang='grc' dir='ltr'>ἀγαθὴν</span> <span class='ocrx_word' id='word_1_103' title='bbox 430 639 551 670; x_wconf 87' lang='grc' dir='ltr'>ἐκείνου</span> <span class='ocrx_word' id='word_1_104' title='bbox 574 640 621 670; x_wconf 82' lang='grc' dir='ltr'>ἔτι</span> <span class='ocrx_word' id='word_1_105' title='bbox 646 639 817 679; x_wconf 85' lang='grc' dir='ltr'>διατρίβων</span> <span class='ocrx_word' id='word_1_106' title='bbox 836 642 906 680; x_wconf 72' lang='grc' dir='ltr'>περὶ</span> <span class='ocrx_word' id='word_1_107' title='bbox 929 640 987 670; x_wconf 80' lang='grc' dir='ltr'>τὸν</span> <span class='ocrx_word' id='word_1_108' title='bbox 1011 642 1129 680; x_wconf 80' lang='grc' dir='ltr'>χῶρον,</span> <span class='ocrx_word' id='word_1_109' title='bbox 1152 639 1300 679; x_wconf 86' lang='grc' dir='ltr'>ἐμπίπτει</span> <span class='ocrx_word' id='word_1_110' title='bbox 1323 640 1363 680; x_wconf 79' lang='grc' dir='ltr'>τῇ</span> 
     </span>
     <span class='ocr_line' id='line_1_12' title="bbox 166 681 1363 724; baseline 0 -10"><span class='ocrx_word' id='word_1_111' title='bbox 166 683 273 714; x_wconf 85' lang='grc' dir='ltr'>κύλικι</span> <span class='ocrx_word' id='word_1_112' title='bbox 298 684 348 714; x_wconf 84' lang='grc' dir='ltr'>καὶ</span> <span class='ocrx_word' id='word_1_113' title='bbox 374 682 565 724; x_wconf 82' lang='grc' dir='ltr'>ἐκταράττει</span> <span class='ocrx_word' id='word_1_114' title='bbox 589 684 690 719; x_wconf 81' lang='grc' dir='ltr'>αὐτὴν</span> <span class='ocrx_word' id='word_1_115' title='bbox 713 685 763 714; x_wconf 78' lang='grc' dir='ltr'>καὶ</span> <span class='ocrx_word' id='word_1_116' title='bbox 790 686 884 724; x_wconf 76' lang='grc' dir='ltr'>ἐκχεῖ</span> <span class='ocrx_word' id='word_1_117' title='bbox 906 685 945 714; x_wconf 79' lang='grc' dir='ltr'>τὸ</span> <span class='ocrx_word' id='word_1_118' title='bbox 968 681 1077 715; x_wconf 87' lang='grc' dir='ltr'>ποτόν.</span> <span class='ocrx_word' id='word_1_119' title='bbox 1129 685 1145 714; x_wconf 81' lang='grc' dir='ltr'>ὁ</span> <span class='ocrx_word' id='word_1_120' title='bbox 1166 685 1199 715; x_wconf 77' lang='grc' dir='ltr'>δὲ</span> <span class='ocrx_word' id='word_1_121' title='bbox 1222 682 1363 723; x_wconf 83' lang='grc' dir='ltr'>ἠγανάκ-</span> 
     </span>
     <span class='ocr_line' id='line_1_13' title="bbox 164 727 1364 768; baseline 0.003 -12"><span class='ocrx_word' id='word_1_122' title='bbox 164 727 363 763; x_wconf 80' lang='grc' dir='ltr'>τησεν-καὶ</span> <span class='ocrx_word' id='word_1_123' title='bbox 384 727 445 768; x_wconf 85' lang='grc' dir='ltr'>γὰρ</span> <span class='ocrx_word' id='word_1_124' title='bbox 466 727 565 766; x_wconf 69' lang='grc' dir='ltr'>ἔτυχε</span> <span class='ocrx_word' id='word_1_125' title='bbox 586 728 780 767; x_wconf 74' lang='grc' dir='ltr'>διψῶν-καὶ</span> <span class='ocrx_word' id='word_1_126' title='bbox 805 730 897 768; x_wconf 84' lang='grc' dir='ltr'>λέγει</span> <span class='ocrx_word' id='word_1_127' title='bbox 924 727 1022 758; x_wconf 51' lang='grc' dir='ltr'>(Εἶτα</span> <span class='ocrx_word' id='word_1_128' title='bbox 1045 727 1155 766; x_wconf 87' lang='grc' dir='ltr'>μέντοι</span> <span class='ocrx_word' id='word_1_129' title='bbox 1179 728 1220 758; x_wconf 89' lang='grc' dir='ltr'>σὺ</span> <span class='ocrx_word' id='word_1_130' title='bbox 1245 729 1364 759; x_wconf 79' lang='grc' dir='ltr'>ἐκεῖνος</span> 
     </span>
     <span class='ocr_line' id='line_1_14' title="bbox 165 770 1366 812; baseline 0.001 -11"><span class='ocrx_word' id='word_1_131' title='bbox 165 772 207 802; x_wconf 81' lang='grc' dir='ltr'>ὢν</span> <span class='ocrx_word' id='word_1_132' title='bbox 219 772 322 802; x_wconf 73' lang='grc' dir='ltr'>’-καὶ</span> <span class='ocrx_word' id='word_1_133' title='bbox 335 771 397 812; x_wconf 81' lang='grc' dir='ltr'>γὰρ</span> <span class='ocrx_word' id='word_1_134' title='bbox 413 772 472 802; x_wconf 81' lang='grc' dir='ltr'>τὸν</span> <span class='ocrx_word' id='word_1_135' title='bbox 486 771 569 811; x_wconf 79' lang='grc' dir='ltr'>ὄρνιν</span> <span class='ocrx_word' id='word_1_136' title='bbox 584 771 794 811; x_wconf 71' lang='grc' dir='ltr'>ε’γνώρισε-“</span> <span class='ocrx_word' id='word_1_137' title='bbox 806 771 954 803; x_wconf 82' lang='grc' dir='ltr'>τοιαύτας</span> <span class='ocrx_word' id='word_1_138' title='bbox 968 770 1122 802; x_wconf 80' lang='grc' dir='ltr'>ἀποδίδως</span> <span class='ocrx_word' id='word_1_139' title='bbox 1136 773 1204 802; x_wconf 78' lang='grc' dir='ltr'>τοῖς</span> <span class='ocrx_word' id='word_1_140' title='bbox 1220 773 1366 811; x_wconf 85' lang='grc' dir='ltr'>σωτῆρσι</span> 
     </span>
     <span class='ocr_line' id='line_1_15' title="bbox 163 814 1365 856; baseline 0.001 -11"><span class='ocrx_word' id='word_1_141' title='bbox 163 816 221 846; x_wconf 80' lang='grc' dir='ltr'>τὰς</span> <span class='ocrx_word' id='word_1_142' title='bbox 246 814 405 856; x_wconf 79' lang='grc' dir='ltr'>χάριτας;</span> <span class='ocrx_word' id='word_1_143' title='bbox 430 817 518 847; x_wconf 81' lang='grc' dir='ltr'>ἀλλὰ</span> <span class='ocrx_word' id='word_1_144' title='bbox 546 819 612 847; x_wconf 84' lang='grc' dir='ltr'>πῶς</span> <span class='ocrx_word' id='word_1_145' title='bbox 642 814 689 845; x_wconf 81' lang='grc' dir='ltr'>ἔτι</span> <span class='ocrx_word' id='word_1_146' title='bbox 713 817 817 846; x_wconf 66' lang='grc' dir='ltr'>ταῦτα</span> <span class='ocrx_word' id='word_1_147' title='bbox 842 815 947 853; x_wconf 77' lang='grc' dir='ltr'>καλά;</span> <span class='ocrx_word' id='word_1_148' title='bbox 971 818 1037 846; x_wconf 79' lang='grc' dir='ltr'>πῶς</span> <span class='ocrx_word' id='word_1_149' title='bbox 1064 817 1090 845; x_wconf 84' lang='grc' dir='ltr'>δ’</span> <span class='ocrx_word' id='word_1_150' title='bbox 1117 816 1155 846; x_wconf 73' lang='grc' dir='ltr'>ἂν</span> <span class='ocrx_word' id='word_1_151' title='bbox 1181 815 1231 846; x_wconf 82' lang='grc' dir='ltr'>καὶ</span> <span class='ocrx_word' id='word_1_152' title='bbox 1261 815 1365 846; x_wconf 77' lang='grc' dir='ltr'>ἄλλος</span> 
     </span>
     <span class='ocr_line' id='line_1_16' title="bbox 163 857 1365 905; baseline 0 -16"><span class='ocrx_word' id='word_1_153' title='bbox 163 860 306 896; x_wconf 80' lang='grc' dir='ltr'>σπουδὴν</span> <span class='ocrx_word' id='word_1_154' title='bbox 323 858 516 891; x_wconf 83' lang='grc' dir='ltr'>καταθέσθαι</span> <span class='ocrx_word' id='word_1_155' title='bbox 540 859 709 905; x_wconf 81' lang='grc' dir='ltr'>θελήσειεν</span> <span class='ocrx_word' id='word_1_156' title='bbox 728 858 759 890; x_wconf 79' lang='grc' dir='ltr'>ἔς</span> <span class='ocrx_word' id='word_1_157' title='bbox 789 873 860 891; x_wconf 92' lang='grc' dir='ltr'>τινα</span> <span class='ocrx_word' id='word_1_158' title='bbox 882 861 965 892; x_wconf 83' lang='grc' dir='ltr'>αἰδοῖ</span> <span class='ocrx_word' id='word_1_159' title='bbox 983 859 1059 890; x_wconf 80' lang='grc' dir='ltr'>Διὸς</span> <span class='ocrx_word' id='word_1_160' title='bbox 1083 858 1225 899; x_wconf 85' lang='grc' dir='ltr'>χαρίτων</span> <span class='ocrx_word' id='word_1_161' title='bbox 1250 857 1365 900; x_wconf 83' lang='grc' dir='ltr'>ἐφόρου</span> 
     </span>
     <span class='ocr_line' id='line_1_17' title="bbox 162 902 1363 945; baseline 0.001 -13.005"><span class='ocrx_word' id='word_1_162' title='bbox 162 916 198 933; x_wconf 87' lang='grc' dir='ltr'>τε</span> <span class='ocrx_word' id='word_1_163' title='bbox 217 904 266 934; x_wconf 76' lang='grc' dir='ltr'>καὶ</span> <span class='ocrx_word' id='word_1_164' title='bbox 291 903 453 941; x_wconf 83' lang='grc' dir='ltr'>ἐπόπτου,·</span> <span class='ocrx_word' id='word_1_165' title='bbox 466 906 472 916; x_wconf 86' lang='lat'>’</span> <span class='ocrx_word' id='word_1_166' title='bbox 497 905 547 934; x_wconf 74' lang='grc' dir='ltr'>καὶ</span> <span class='ocrx_word' id='word_1_167' title='bbox 569 908 613 943; x_wconf 78' lang='grc' dir='ltr'>τῷ</span> <span class='ocrx_word' id='word_1_168' title='bbox 637 908 695 942; x_wconf 79' lang='grc' dir='ltr'>μὲν</span> <span class='ocrx_word' id='word_1_169' title='bbox 716 906 820 934; x_wconf 82' lang='grc' dir='ltr'>ταῦτα</span> <span class='ocrx_word' id='word_1_170' title='bbox 843 910 961 945; x_wconf 87' lang='grc' dir='ltr'>ει’,ρητο</span> <span class='ocrx_word' id='word_1_171' title='bbox 983 904 1032 934; x_wconf 76' lang='grc' dir='ltr'>καὶ</span> <span class='ocrx_word' id='word_1_172' title='bbox 1057 903 1228 944; x_wconf 81' lang='grc' dir='ltr'>ἐφρύγετο·</span> <span class='ocrx_word' id='word_1_173' title='bbox 1254 906 1310 944; x_wconf 67' lang='grc' dir='ltr'>ὁρᾷ</span> <span class='ocrx_word' id='word_1_174' title='bbox 1330 902 1363 933; x_wconf 88' lang='grc' dir='ltr'>δε</span> 
     </span>
     <span class='ocr_line' id='line_1_18' title="bbox 163 945 1365 989; baseline 0.002 -13"><span class='ocrx_word' id='word_1_175' title='bbox 163 947 372 988; x_wconf 77' lang='grc' dir='ltr'>ἐπιστραφεὶς</span> <span class='ocrx_word' id='word_1_176' title='bbox 388 949 464 978; x_wconf 81' lang='grc' dir='ltr'>τοὺς</span> <span class='ocrx_word' id='word_1_177' title='bbox 480 946 612 979; x_wconf 84' lang='grc' dir='ltr'>πιόντας</span> <span class='ocrx_word' id='word_1_178' title='bbox 633 947 849 987; x_wconf 83' lang='grc' dir='ltr'>ἀσπαίροντας</span> <span class='ocrx_word' id='word_1_179' title='bbox 870 961 905 978; x_wconf 89' lang='grc' dir='ltr'>τε</span> <span class='ocrx_word' id='word_1_180' title='bbox 932 948 981 979; x_wconf 80' lang='grc' dir='ltr'>καὶ</span> <span class='ocrx_word' id='word_1_181' title='bbox 1005 946 1278 989; x_wconf 83' lang='grc' dir='ltr'>ἀποθνῃσκοντας.</span> <span class='ocrx_word' id='word_1_182' title='bbox 1325 945 1365 983; x_wconf 77' lang='grc' dir='ltr'>ἦν</span> 
     </span>
     <span class='ocr_line' id='line_1_19' title="bbox 163 988 1364 1032; baseline 0.001 -12"><span class='ocrx_word' id='word_1_183' title='bbox 163 990 195 1021; x_wconf 81' lang='grc' dir='ltr'>δὲ</span> <span class='ocrx_word' id='word_1_184' title='bbox 221 991 280 1031; x_wconf 81' lang='grc' dir='ltr'>ἄρα</span> <span class='ocrx_word' id='word_1_185' title='bbox 296 992 336 1023; x_wconf 83' lang='grc' dir='ltr'>ὡς</span> <span class='ocrx_word' id='word_1_186' title='bbox 353 994 536 1030; x_wconf 82' lang='grc' dir='ltr'>συμβαλεῖν</span> <span class='ocrx_word' id='word_1_187' title='bbox 556 992 720 1030; x_wconf 77' lang='grc' dir='ltr'>ἐμημεκὼς</span> <span class='ocrx_word' id='word_1_188' title='bbox 745 993 776 1023; x_wconf 87' lang='grc' dir='ltr'>ἐς</span> <span class='ocrx_word' id='word_1_189' title='bbox 800 992 861 1029; x_wconf 76' lang='grc' dir='ltr'>τὴν</span> <span class='ocrx_word' id='word_1_190' title='bbox 884 993 993 1031; x_wconf 91' lang='grc' dir='ltr'>πηγην</span> <span class='ocrx_word' id='word_1_191' title='bbox 1016 992 1032 1021; x_wconf 85' lang='grc' dir='ltr'>ὁ</span> <span class='ocrx_word' id='word_1_192' title='bbox 1058 990 1130 1028; x_wconf 77' lang='grc' dir='ltr'>ὄφις</span> <span class='ocrx_word' id='word_1_193' title='bbox 1155 991 1204 1022; x_wconf 85' lang='grc' dir='ltr'>καὶ</span> <span class='ocrx_word' id='word_1_194' title='bbox 1228 988 1364 1032; x_wconf 80' lang='grc' dir='ltr'>κεράσας</span> 
     </span>
     <span class='ocr_line' id='line_1_20' title="bbox 161 1034 1365 1076; baseline 0.001 -11"><span class='ocrx_word' id='word_1_195' title='bbox 161 1036 262 1071; x_wconf 66' lang='grc' dir='ltr'>αὐτὴν</span> <span class='ocrx_word' id='word_1_196' title='bbox 277 1039 322 1075; x_wconf 79' lang='grc' dir='ltr'>τῷ</span> <span class='ocrx_word' id='word_1_197' title='bbox 342 1036 387 1075; x_wconf 78' lang='grc' dir='ltr'>ἰῷ.</span> <span class='ocrx_word' id='word_1_198' title='bbox 431 1038 446 1066; x_wconf 86' lang='grc' dir='ltr'><em>ὃ</em></span> <span class='ocrx_word' id='word_1_199' title='bbox 462 1034 521 1074; x_wconf 85' lang='grc' dir='ltr'>μὲν</span> <span class='ocrx_word' id='word_1_200' title='bbox 538 1040 592 1066; x_wconf 83' lang='grc' dir='ltr'>οὐν</span> <span class='ocrx_word' id='word_1_201' title='bbox 610 1035 703 1067; x_wconf 82' lang='grc' dir='ltr'>ἀετυς</span> <span class='ocrx_word' id='word_1_202' title='bbox 719 1039 763 1075; x_wconf 78' lang='grc' dir='ltr'>τῷ</span> <span class='ocrx_word' id='word_1_203' title='bbox 783 1038 926 1067; x_wconf 85' lang='grc' dir='ltr'>σώσαντι</span> <span class='ocrx_word' id='word_1_204' title='bbox 945 1034 1091 1074; x_wconf 80' lang='grc' dir='ltr'>ισότιμον</span> <span class='ocrx_word' id='word_1_205' title='bbox 1106 1036 1164 1072; x_wconf 83' lang='grc' dir='ltr'>τῆς</span> <span class='ocrx_word' id='word_1_206' title='bbox 1183 1034 1340 1076; x_wconf 80' lang='grc' dir='ltr'>σωτηρίας</span> <span class='ocrx_word' id='word_1_207' title='bbox 1354 1034 1365 1054; x_wconf 83' lang='lat'>¹</span> 
     </span>
     <span class='ocr_line' id='line_1_21' title="bbox 162 1077 521 1118; baseline 0.006 -10"><span class='ocrx_word' id='word_1_208' title='bbox 162 1077 305 1110; x_wconf 78' lang='grc' dir='ltr'>ἀπέδωκε</span> <span class='ocrx_word' id='word_1_209' title='bbox 322 1081 382 1110; x_wconf 70' lang='grc' dir='ltr'>τὸν</span> <span class='ocrx_word' id='word_1_210' title='bbox 397 1078 521 1118; x_wconf 80' lang='grc' dir='ltr'>μισθόν.</span> 
     </span>
    </p>

    <p class='ocr_par' dir='ltr' id='par_1_3' title="bbox 161 1121 1365 1253">
     <span class='ocr_line' id='line_1_22' title="bbox 204 1121 1365 1165; baseline 0.001 -13"><span class='ocrx_word' id='word_1_211' title='bbox 204 1121 297 1162; x_wconf 82' lang='grc' dir='ltr'>λέγει</span> <span class='ocrx_word' id='word_1_212' title='bbox 315 1123 347 1155; x_wconf 85' lang='grc' dir='ltr'>δὲ</span> <span class='ocrx_word' id='word_1_213' title='bbox 367 1123 493 1165; x_wconf 75' lang='grc' dir='ltr'>Κράτης</span> <span class='ocrx_word' id='word_1_214' title='bbox 511 1125 526 1153; x_wconf 87' lang='grc' dir='ltr'>ὁ</span> <span class='ocrx_word' id='word_1_215' title='bbox 545 1124 755 1163; x_wconf 74' lang='grc' dir='ltr'>Περγαμηνὸς</span> <span class='ocrx_word' id='word_1_216' title='bbox 773 1123 851 1164; x_wconf 85' lang='grc' dir='ltr'>ὑπὲρ</span> <span class='ocrx_word' id='word_1_217' title='bbox 867 1123 993 1155; x_wconf 85' lang='grc' dir='ltr'>τούτων</span> <span class='ocrx_word' id='word_1_218' title='bbox 1010 1123 1060 1155; x_wconf 80' lang='grc' dir='ltr'>καὶ</span> <span class='ocrx_word' id='word_1_219' title='bbox 1078 1123 1136 1154; x_wconf 76' lang='grc' dir='ltr'>τὸν</span> <span class='ocrx_word' id='word_1_220' title='bbox 1160 1122 1365 1163; x_wconf 86' lang='grc' dir='ltr'>Στησίχορον</span> 
     </span>
     <span class='ocr_line' id='line_1_23' title="bbox 161 1165 1365 1208; baseline 0.001 -11"><span class='ocrx_word' id='word_1_221' title='bbox 161 1165 247 1206; x_wconf 79' lang='grc' dir='ltr'>ᾄδειν</span> <span class='ocrx_word' id='word_1_222' title='bbox 270 1166 303 1197; x_wconf 81' lang='grc' dir='ltr'>ἔν</span> <span class='ocrx_word' id='word_1_223' title='bbox 319 1180 380 1199; x_wconf 88' lang='grc' dir='ltr'>τινι</span> <span class='ocrx_word' id='word_1_224' title='bbox 405 1168 558 1207; x_wconf 81' lang='grc' dir='ltr'>ποιήματι</span> <span class='ocrx_word' id='word_1_225' title='bbox 580 1169 636 1198; x_wconf 83' lang='grc' dir='ltr'>οὐκ</span> <span class='ocrx_word' id='word_1_226' title='bbox 660 1167 894 1208; x_wconf 80' lang='grc' dir='ltr'>ἐκφοιτήσαντί</span> <span class='ocrx_word' id='word_1_227' title='bbox 908 1167 920 1185; x_wconf 76' lang='lat'><strong>²</strong></span> <span class='ocrx_word' id='word_1_228' title='bbox 938 1180 997 1199; x_wconf 87' lang='grc' dir='ltr'>που</span> <span class='ocrx_word' id='word_1_229' title='bbox 1019 1169 1050 1199; x_wconf 86' lang='grc' dir='ltr'>ἐς</span> <span class='ocrx_word' id='word_1_230' title='bbox 1068 1167 1225 1206; x_wconf 83' lang='grc' dir='ltr'>πολλούς,</span> <span class='ocrx_word' id='word_1_231' title='bbox 1246 1165 1365 1206; x_wconf 84' lang='grc' dir='ltr'>σεμνόν</span> 
     </span>
     <span class='ocr_line' id='line_1_24' title="bbox 162 1210 1132 1253; baseline 0.002 -13"><span class='ocrx_word' id='word_1_232' title='bbox 162 1223 197 1240; x_wconf 90' lang='grc' dir='ltr'>τε</span> <span class='ocrx_word' id='word_1_233' title='bbox 216 1211 265 1242; x_wconf 80' lang='grc' dir='ltr'>καὶ</span> <span class='ocrx_word' id='word_1_234' title='bbox 285 1212 421 1252; x_wconf 72' lang='grc' dir='ltr'>ἀρχαῖον</span> <span class='ocrx_word' id='word_1_235' title='bbox 438 1213 478 1243; x_wconf 83' lang='grc' dir='ltr'>ὡς</span> <span class='ocrx_word' id='word_1_236' title='bbox 495 1224 533 1252; x_wconf 90' lang='grc' dir='ltr'>γε</span> <span class='ocrx_word' id='word_1_237' title='bbox 551 1210 667 1252; x_wconf 88' lang='grc' dir='ltr'>κρίνειν</span> <span class='ocrx_word' id='word_1_238' title='bbox 685 1211 740 1250; x_wconf 87' lang='grc' dir='ltr'>ἐμὲ</span> <span class='ocrx_word' id='word_1_239' title='bbox 759 1212 816 1242; x_wconf 72' lang='grc' dir='ltr'>τὸν</span> <span class='ocrx_word' id='word_1_240' title='bbox 832 1212 975 1253; x_wconf 72' lang='grc' dir='ltr'>μάρτυρα</span> <span class='ocrx_word' id='word_1_241' title='bbox 995 1211 1132 1251; x_wconf 83' lang='grc' dir='ltr'>ε’σάγων.</span> 
     </span>
    </p>
   </div>
   <div class='ocr_carea' id='block_1_3' title="bbox 738 1325 787 1363">
    <p class='ocr_par' dir='ltr' id='par_1_4' title="bbox 738 1325 787 1363">
     <span class='ocr_line' id='line_1_25' title="bbox 738 1325 787 1363; baseline 0.02 -1"><span class='ocrx_word' id='word_1_242' title='bbox 738 1325 787 1363; x_wconf 81' lang='grc'>69</span> 
     </span>
    </p>
   </div>
   <div class='ocr_carea' id='block_1_4' title="bbox 161 1394 1366 1477">
    <p class='ocr_par' dir='ltr' id='par_1_5' title="bbox 161 1394 1366 1477">
     <span class='ocr_line' id='line_1_26' title="bbox 204 1394 1366 1436; baseline 0.002 -12"><span class='ocrx_word' id='word_1_243' title='bbox 204 1394 286 1435; x_wconf 77' lang='lat' dir='ltr'>Arg.</span> <span class='ocrx_word' id='word_1_244' title='bbox 311 1394 392 1426; x_wconf 65' lang='lat' dir='ltr'>Hes.</span> <span class='ocrx_word' id='word_1_245' title='bbox 416 1397 502 1426; x_wconf 64' lang='lat' dir='ltr'><em>Seni.</em></span> <span class='ocrx_word' id='word_1_246' title='bbox 554 1396 604 1426; x_wconf 66' lang='grc' dir='ltr'>καὶ</span> <span class='ocrx_word' id='word_1_247' title='bbox 635 1395 836 1436; x_wconf 18' lang='grc' dir='ltr'>Στησίχοργις</span> <span class='ocrx_word' id='word_1_248' title='bbox 863 1395 898 1426; x_wconf 88' lang='grc' dir='ltr'>δέ</span> <span class='ocrx_word' id='word_1_249' title='bbox 924 1403 1023 1436; x_wconf 87' lang='grc' dir='ltr'>φησιν</span> <span class='ocrx_word' id='word_1_250' title='bbox 1052 1394 1200 1427; x_wconf 81' lang='grc' dir='ltr'>Ἠσιόδου</span> <span class='ocrx_word' id='word_1_251' title='bbox 1225 1395 1303 1426; x_wconf 74' lang='grc' dir='ltr'>εἶναι</span> <span class='ocrx_word' id='word_1_252' title='bbox 1327 1395 1366 1426; x_wconf 80' lang='grc' dir='ltr'>τὸ</span> 
     </span>
     <span class='ocr_line' id='line_1_27' title="bbox 161 1438 288 1477; baseline -0.008 -8"><span class='ocrx_word' id='word_1_253' title='bbox 161 1438 288 1477; x_wconf 87' lang='grc' dir='ltr'>ποίημα.</span> 
     </span>
    </p>
   </div>
   <div class='ocr_carea' id='block_1_5' title="bbox 736 1531 786 1568">
    <p class='ocr_par' dir='ltr' id='par_1_6' title="bbox 736 1531 786 1568">
     <span class='ocr_line' id='line_1_28' title="bbox 736 1531 786 1568; baseline -0.02 0"><span class='ocrx_word' id='word_1_254' title='bbox 736 1531 786 1568; x_wconf 85' lang='lat'>70</span> 
     </span>
    </p>
   </div>
   <div class='ocr_carea' id='block_1_6' title="bbox 160 1597 1365 1770">
    <p class='ocr_par' dir='ltr' id='par_1_7' title="bbox 160 1597 1365 1770">
     <span class='ocr_line' id='line_1_29' title="bbox 204 1597 1364 1638; baseline 0 -9"><span class='ocrx_word' id='word_1_255' title='bbox 204 1597 305 1629; x_wconf 30' lang='lat' dir='ltr'>thus</span> <span class='ocrx_word' id='word_1_256' title='bbox 336 1600 364 1630; x_wconf 94' lang='lat'>9.</span> <span class='ocrx_word' id='word_1_257' title='bbox 451 1599 470 1629; x_wconf 88' lang='grc'><strong>3</strong></span> <span class='ocrx_word' id='word_1_258' title='bbox 497 1600 542 1637; x_wconf 67' lang='grc' dir='ltr'>[π.</span> <span class='ocrx_word' id='word_1_259' title='bbox 571 1597 691 1636; x_wconf 70' lang='grc' dir='ltr'>πέτραν</span> <span class='ocrx_word' id='word_1_260' title='bbox 715 1612 776 1636; x_wconf 86' lang='grc' dir='ltr'>την</span> <span class='ocrx_word' id='word_1_261' title='bbox 804 1600 1021 1638; x_wconf 79' lang='grc' dir='ltr'>Ἀι-ταίωιος]·</span> <span class='ocrx_word' id='word_1_262' title='bbox 1061 1598 1262 1638; x_wconf 83' lang='grc' dir='ltr'>Στησίχορος</span> <span class='ocrx_word' id='word_1_263' title='bbox 1288 1597 1320 1629; x_wconf 85' lang='grc' dir='ltr'>δὲ</span> <span class='ocrx_word' id='word_1_264' title='bbox 1348 1600 1364 1628; x_wconf 85' lang='grc' dir='ltr'>ὁ</span> 
     </span>
     <span class='ocr_line' id='line_1_30' title="bbox 161 1621 1360 1684; baseline -0.002 -10.981"><span class='ocrx_word' id='word_1_265' title='bbox 161 1645 313 1684; x_wconf 74' lang='grc' dir='ltr'>Ἱμεραῖος</span> <span class='ocrx_word' id='word_1_266' title='bbox 340 1621 478 1683; x_wconf 66' lang='grc' dir='ltr'>ἔγραψεν</span> <span class='ocrx_word' id='word_1_267' title='bbox 507 1643 632 1682; x_wconf 56' lang='grc' dir='ltr'>ἐκατου</span> <span class='ocrx_word' id='word_1_268' title='bbox 658 1646 846 1684; x_wconf 79' lang='grc' dir='ltr'>περιβαλεῖν</span> <span class='ocrx_word' id='word_1_269' title='bbox 872 1641 969 1683; x_wconf 89' lang='grc' dir='ltr'>δερμα</span> <span class='ocrx_word' id='word_1_270' title='bbox 998 1643 1166 1674; x_wconf 81' lang='grc' dir='ltr'>Ἀκταίωνι</span> <span class='ocrx_word' id='word_1_271' title='bbox 1193 1643 1254 1679; x_wconf 83' lang='grc' dir='ltr'>τὴν</span> <span class='ocrx_word' id='word_1_272' title='bbox 1278 1641 1360 1680; x_wconf 85' lang='grc' dir='ltr'>θεόν,</span> 
     </span>
     <span class='ocr_line' id='line_1_31' title="bbox 160 1685 1365 1728; baseline 0 -12"><span class='ocrx_word' id='word_1_273' title='bbox 160 1686 469 1728; x_wconf 76' lang='grc' dir='ltr'>παρασκευάζουσάν</span> <span class='ocrx_word' id='word_1_274' title='bbox 487 1687 515 1717; x_wconf 82' lang='grc' dir='ltr'>(ἶ</span> <span class='ocrx_word' id='word_1_275' title='bbox 538 1689 596 1718; x_wconf 77' lang='grc' dir='ltr'>τὸν</span> <span class='ocrx_word' id='word_1_276' title='bbox 616 1689 650 1718; x_wconf 84' lang='grc' dir='ltr'>ἐκ</span> <span class='ocrx_word' id='word_1_277' title='bbox 670 1690 735 1718; x_wconf 82' lang='grc' dir='ltr'>τῶν</span> <span class='ocrx_word' id='word_1_278' title='bbox 756 1690 857 1719; x_wconf 67' lang='grc' dir='ltr'>κυνῶν</span> <span class='ocrx_word' id='word_1_279' title='bbox 881 1685 1016 1718; x_wconf 77' lang='grc' dir='ltr'>θάνατον</span> <span class='ocrx_word' id='word_1_280' title='bbox 1034 1688 1086 1718; x_wconf 89' lang='grc' dir='ltr'>ἰ’να</span> <span class='ocrx_word' id='word_1_281' title='bbox 1106 1687 1143 1724; x_wconf 84' lang='grc' dir='ltr'>δὴ</span> <span class='ocrx_word' id='word_1_282' title='bbox 1164 1686 1208 1726; x_wconf 81' lang='grc' dir='ltr'>μὴ</span> <span class='ocrx_word' id='word_1_283' title='bbox 1229 1688 1365 1726; x_wconf 85' lang='grc' dir='ltr'>γυναῖκα</span> 
     </span>
     <span class='ocr_line' id='line_1_32' title="bbox 162 1731 433 1770; baseline -0.007 -7"><span class='ocrx_word' id='word_1_284' title='bbox 162 1731 309 1770; x_wconf 83' lang='grc' dir='ltr'>Σεμέλην</span> <span class='ocrx_word' id='word_1_285' title='bbox 325 1731 433 1765; x_wconf 84' lang='grc' dir='ltr'>λάβοι.</span> 
     </span>
    </p>
   </div>
   <div class='ocr_carea' id='block_1_7' title="bbox 734 1808 782 1847">
    <p class='ocr_par' dir='ltr' id='par_1_8' title="bbox 734 1808 782 1847">
     <span class='ocr_line' id='line_1_33' title="bbox 734 1808 782 1847; baseline -0.021 0"><span class='ocrx_word' id='word_1_286' title='bbox 734 1808 782 1847; x_wconf 84' lang='lat'>71</span> 
     </span>
    </p>
   </div>
   <div class='ocr_carea' id='block_1_8' title="bbox 160 1877 1362 1964">
    <p class='ocr_par' dir='ltr' id='par_1_9' title="bbox 160 1877 1362 1964">
     <span class='ocr_line' id='line_1_34' title="bbox 203 1877 1362 1918; baseline -0.002 -8"><span class='ocrx_word' id='word_1_287' title='bbox 203 1878 296 1910; x_wconf 80' lang='lat' dir='ltr'>Plut.</span> <span class='ocrx_word' id='word_1_288' title='bbox 324 1878 406 1911; x_wconf 64' lang='lat' dir='ltr'><em>Sall.</em></span> <span class='ocrx_word' id='word_1_289' title='bbox 432 1879 501 1910; x_wconf 81' lang='grc' dir='ltr'>Λη.</span> <span class='ocrx_word' id='word_1_290' title='bbox 528 1880 569 1911; x_wconf 87' lang='grc'>36</span> <span class='ocrx_word' id='word_1_291' title='bbox 615 1880 634 1917; x_wconf 79' lang='grc' dir='ltr'>ἦ</span> <span class='ocrx_word' id='word_1_292' title='bbox 661 1879 693 1910; x_wconf 80' lang='grc' dir='ltr'>δὲ</span> <span class='ocrx_word' id='word_1_293' title='bbox 718 1879 903 1911; x_wconf 84' lang='grc' dir='ltr'>Ὀδυσσέως</span> <span class='ocrx_word' id='word_1_294' title='bbox 927 1879 1024 1911; x_wconf 78' lang='grc' dir='ltr'>ἀσπὶς</span> <span class='ocrx_word' id='word_1_295' title='bbox 1049 1879 1098 1910; x_wconf 81' lang='grc' dir='ltr'>ὅτι</span> <span class='ocrx_word' id='word_1_296' title='bbox 1122 1878 1180 1918; x_wconf 82' lang='grc' dir='ltr'>μὲν</span> <span class='ocrx_word' id='word_1_297' title='bbox 1205 1877 1362 1918; x_wconf 84' lang='grc' dir='ltr'>ἐπίσημον</span> 
     </span>
     <span class='ocr_line' id='line_1_35' title="bbox 160 1922 873 1964; baseline 0 -11"><span class='ocrx_word' id='word_1_298' title='bbox 160 1923 232 1962; x_wconf 79' lang='grc' dir='ltr'>εἶχε</span> <span class='ocrx_word' id='word_1_299' title='bbox 250 1925 387 1963; x_wconf 81' lang='grc' dir='ltr'>δελφῖνα</span> <span class='ocrx_word' id='word_1_300' title='bbox 404 1923 454 1954; x_wconf 81' lang='grc' dir='ltr'>καὶ</span> <span class='ocrx_word' id='word_1_301' title='bbox 473 1923 676 1964; x_wconf 83' lang='grc' dir='ltr'>Στησίχορος</span> <span class='ocrx_word' id='word_1_302' title='bbox 693 1922 873 1964; x_wconf 84' lang='grc' dir='ltr'>ἱστόρηκεν.</span> 
     </span>
    </p>
   </div>
   <div class='ocr_carea' id='block_1_9' title="bbox 159 2001 1362 2087">
    <p class='ocr_par' dir='ltr' id='par_1_10' title="bbox 159 2001 1362 2087">
     <span class='ocr_line' id='line_1_36' title="bbox 204 2001 1362 2042; baseline -0.001 -9"><span class='ocrx_word' id='word_1_303' title='bbox 204 2002 422 2034; x_wconf 84' lang='lat' dir='ltr'>¹Hereher:</span> <span class='ocrx_word' id='word_1_304' title='bbox 465 2012 533 2033; x_wconf 82' lang='lat' dir='ltr'>mss</span> <span class='ocrx_word' id='word_1_305' title='bbox 569 2003 713 2034; x_wconf 79' lang='grc' dir='ltr'>σώσαντι</span> <span class='ocrx_word' id='word_1_306' title='bbox 753 2003 892 2042; x_wconf 74' lang='grc' dir='ltr'>ἀμοιβὴν</span> <span class='ocrx_word' id='word_1_307' title='bbox 925 2005 983 2040; x_wconf 82' lang='grc' dir='ltr'>τῆς</span> <span class='ocrx_word' id='word_1_308' title='bbox 1019 2002 1166 2042; x_wconf 82' lang='grc' dir='ltr'>ἰσοτίμου</span> <span class='ocrx_word' id='word_1_309' title='bbox 1202 2001 1362 2042; x_wconf 81' lang='grc' dir='ltr'>σωτηρίας</span> 
     </span>
     <span class='ocr_line' id='line_1_37' title="bbox 159 2046 565 2087; baseline 0.005 -11"><span class='ocrx_word' id='word_1_310' title='bbox 159 2046 172 2065; x_wconf 76' lang='lat'>2</span> <span class='ocrx_word' id='word_1_311' title='bbox 195 2048 350 2078; x_wconf 71' lang='lat' dir='ltr'>Gesner:</span> <span class='ocrx_word' id='word_1_312' title='bbox 381 2057 450 2078; x_wconf 80' lang='lat' dir='ltr'>mss</span> <span class='ocrx_word' id='word_1_313' title='bbox 474 2047 565 2087; x_wconf 83' lang='grc' dir='ltr'>εἰσφ.</span> 
     </span>
    </p>
   </div>
   <div class='ocr_carea' id='block_1_10' title="bbox 160 2104 209 2139">
    <p class='ocr_par' dir='ltr' id='par_1_11' title="bbox 160 2104 209 2139">
     <span class='ocr_line' id='line_1_38' title="bbox 160 2104 209 2139; baseline 0 0"><span class='ocrx_word' id='word_1_314' title='bbox 160 2104 209 2139; x_wconf 80' lang='grc'>66</span> 
     </span>
    </p>
   </div>
  </div>
 </body>
</html>
