1511 2458
564 157 711 194 LYRA
752 155 974 193 GRAECA

760 264 782 302 9

211 335 311 367 Paus.
348 337 376 366 8.
410 336 438 366 3.
474 335 494 365 :2
528 335 574 373 [π.
612 334 815 374 Ἀρκαδίας]·
862 335 1070 366 Παλλαντίου
1107 334 1167 375 μὲν
1199 336 1236 374 δὴ
1273 335 1324 368 καὶ
1356 339 1371 367 ὁ

168 380 371 421 Στησίχορος
390 381 405 409 ὁ
424 381 578 419 Ἱμεραῖος
595 379 629 408 ἐν
646 379 829 419 Γηρυονηίδι
848 378 1025 415 ἐποιήσατο
1040 378 1178 418 μνήμην.

749 474 796 512 10

208 546 284 577 soh.
312 545 378 587 Ap.
404 545 471 577 Rh.
496 547 522 577 l.
544 546 617 576 ⁴211.
649 569 654 575 .
685 569 690 576 .
721 544 924 585 Στησίχορος
949 545 981 576 δὲ
1008 546 1041 576 ἐν
1065 547 1104 587 τῇ
1130 545 1291 586 Γηρυονίδι
1317 547 1367 578 καὶ

168 590 268 628 νῆσόν
285 603 357 621 τινα
374 591 406 621 ἐν
423 595 466 630 τῷ
487 592 688 628 Ἀτλαντικῷ
707 589 847 628 πελάγει

587 656 898 714 Σαρπαδονίαν
914 658 929 683 1

163 726 273 767 φησίν.

643 846 661 883 l
670 847 688 884 l
749 845 894 894 Δάφνις

208 919 283 950 Ael.
324 918 573 950 VH.10.18
621 915 745 958 Δάφνιν
776 917 835 947 τὸν
865 915 1027 951 βουκόλον
1058 915 1212 956 λέγουσιν
1244 918 1272 948 οἱ
1309 916 1368 955 μὲν

165 964 321 1004 ἐρώμενον
347 962 477 1002 Ἕρμου,
509 961 605 993 ἄλλοι
632 961 664 992 δὲ
691 961 767 992 υἱόν·
794 961 833 991 τὸ
859 959 890 991 δὲ
918 960 1016 998 ὄνοιια
1042 962 1076 992 ἐκ
1099 962 1157 991 τοῦ
1182 961 1368 1000 συμβάντος

165 1009 273 1046 σχεῖν.
322 1004 473 1046 γενέσθαι
493 1005 551 1044 μὲν
568 1006 666 1037 αὐτὸν
689 1007 723 1036 ἐκ
746 1005 892 1044 Νύμφης,
913 1003 1075 1044 τεχθέντα
1095 1003 1128 1036 δὲ
1150 1006 1316 1043 ἐκτεθῆναι
1333 1006 1369 1036 ε’ν

165 1052 281 1092 δάφνῃ.
331 1051 389 1082 τὰς
421 1052 447 1080 δ’
481 1051 531 1080 ὑπ’
562 1051 659 1080 αὐτοῦ
691 1047 953 1088 βουκολουμένας
983 1050 1062 1083 βοις
1094 1056 1194 1089 φασιν
1223 1049 1369 1087 ἀδελφὰς

164 1093 333 1135 γεγοιέναι
357 1097 422 1126 τῶν
441 1093 565 1132 Ηλίου,
595 1092 636 1124 ὧν
653 1093 795 1134 ”Ομηρος
821 1095 855 1124 ἐν
878 1094 1051 1134 Ὀδυσσείᾳ
1075 1106 1242 1133 ιιεμνηται.
1293 1097 1367 1130 βου·

166 1142 272 1171 κολῶν
297 1139 330 1170 δὲ
352 1139 434 1170 κατὰ
453 1138 514 1175 τὴν
539 1138 688 1170 Σικελίαν
706 1140 720 1169 ὁ
742 1135 875 1178 Δάφνις,
896 1136 1020 1177 ἠράσθη
1043 1138 1141 1168 αὐτοῦ
1162 1137 1282 1178 Νύμφη
1297 1135 1362 1177 μία,

166 1183 216 1214 καὶ
242 1179 388 1222 ωμίλησε
417 1185 505 1221 καλῷ
532 1182 600 1213 ὄντι
627 1184 677 1214 καὶ
707 1180 766 1222 νέῳ
790 1181 840 1212 καὶ
869 1183 995 1221 πρῶτον
1024 1182 1183 1224 ὑπηνήτῃ,
1211 1182 1284 1214 ἔνθα
1307 1183 1367 1213 τοῦ

166 1226 286 1267 χρόνου
303 1227 321 1264 ἡ
341 1224 544 1267 χαριεστάτη
561 1226 654 1256 ἐστὶν
669 1228 734 1263 ἥβη
751 1228 815 1256 τῶν
832 1228 940 1256 καλῶν
958 1225 1136 1266 μειρακίων,
1152 1227 1192 1258 ὥς
1209 1239 1269 1258 που
1286 1232 1367 1266 φησι

166 1272 216 1302 καὶ
231 1270 382 1311 “Ὀμηρος.
419 1270 578 1306 συνθήκας
596 1269 628 1300 δὲ
647 1270 777 1306 ἐποίησε
796 1272 932 1310 μηδεμιᾷ
950 1269 1038 1311 ἄλλῃ
1056 1269 1238 1306 πλησιάσαι
1254 1269 1363 1308 αὐτόν,

166 1317 216 1346 καὶ
251 1315 472 1352 ἐπηπείλησεν
503 1315 551 1344 ὅτι
591 1314 798 1355 πεπρωμένον
831 1314 922 1345 ἐστὶν
952 1314 1051 1344 αὐτὸν
1083 1317 1275 1355 στερηθῆναι
1306 1314 1366 1349 τῆς

167 1359 279 1400 ὅψεως,
299 1360 353 1390 ἐὰν
369 1360 511 1399 παραβῇ·
543 1357 593 1389 καὶ
612 1358 703 1397 εἶχον
722 1358 798 1399 ὑπὲρ
814 1358 938 1389 τούτων
955 1357 1073 1398 ῥήτραν
1089 1359 1166 1397 πρὸς
1184 1358 1362 1395 ἀλλήλους.

165 1403 272 1444 χρόνῳ
300 1402 332 1433 δὲ
359 1404 495 1443 ὕστερον
521 1402 683 1438 βασιλέως
711 1403 866 1443 θυγατρὸς
893 1401 1080 1442 ἐρασθείσης
1104 1404 1203 1434 αὐτοῦ
1229 1401 1367 1434 οἰνωθεὶς

165 1448 265 1478 ἔλυσε
289 1447 349 1483 τὴν
373 1446 560 1486 ὁμολογίαν,
587 1446 637 1477 καὶ
664 1447 846 1484 ἐπλησίασε
871 1447 911 1487 τῇ
937 1446 1023 1487 κόρῃ.
1075 1446 1110 1478 ἐκ
1135 1446 1167 1478 δὲ
1187 1446 1306 1478 τούτου
1325 1445 1367 1478 τὰ

164 1491 343 1528 βουκολικὰ
369 1489 454 1530 μέλη
482 1493 608 1531 πρῶτον
635 1489 730 1532 ᾔσθη,
761 1489 811 1522 καὶ
837 1490 929 1531 εἶχεν
957 1488 1108 1521 ὑπόθεσιν
1134 1491 1173 1522 τὸ
1198 1489 1297 1523 πάθος
1327 1490 1367 1521 τὸ

165 1536 246 1567 κατὰ
273 1535 349 1567 τοὺς
377 1535 563 1575 ὀφθαλμοὺς
594 1535 702 1565 αὐτοῦ.
753 1534 803 1566 καὶ
831 1533 1037 1576 Στησίχορόν
1067 1546 1106 1574 γε
1132 1535 1188 1566 τὸν
1214 1536 1367 1576 Ἱμεραῖον

163 1581 223 1617 τῆς
239 1577 390 1616 τοιαύτης
405 1578 592 1617 μελοποιίας
611 1577 813 1618 ὑπάρξασθαι.

209 1647 309 1679 Diod.
330 1647 396 1679 Sic.
414 1649 434 1678 4
461 1649 503 1678 84
542 1649 607 1678 νυν),
625 1646 657 1678 δὲ
676 1648 744 1688 περὶ
765 1646 926 1688 Δάφνιδος
943 1646 1157 1688 πειρασόμεθα
1174 1649 1312 1679 διελθεῖν
1326 1647 1367 1678 τὰ

165 1691 440 1732 μυθολογούμενα.
491 1693 602 1731 Ἡραῖα
617 1691 680 1732 γὰρ
698 1691 754 1731 ὅρη
775 1691 856 1723 κατὰ
877 1692 937 1728 τὴν
959 1691 1109 1724 Σικελίαν
1128 1691 1229 1730 ἐστίν,
1249 1691 1269 1723 ὁ’.
1285 1698 1366 1731 φασι

167 1736 283 1768 κάλλει
296 1749 332 1767 τε
348 1736 397 1767 καὶ
412 1736 509 1775 φύσει
527 1738 576 1768 καὶ
594 1736 703 1767 τόπων
716 1735 854 1774 ἰδιότησι
871 1737 948 1776 πρὸς
963 1736 1084 1776 θερινὴν
1099 1736 1208 1768 ἄνεσιν
1221 1736 1271 1767 καὶ
1289 1735 1365 1766 ἀπό-

168 1787 286 1812 λαυσιν
309 1779 344 1811 εὖ
368 1781 554 1818 πεφυκέναι.
605 1778 733 1811 πολλάς
754 1792 789 1811 τε
810 1780 872 1821 γὰρ
894 1780 999 1819 πηγὰς
1017 1779 1107 1819 ἔχειν
1123 1782 1164 1822 τῇ
1181 1778 1365 1820 γλυκύτητι

167 1828 232 1855 τῶν
249 1823 373 1856 ὑδάτων
385 1824 556 1865 διαφόρους
569 1825 619 1855 καὶ
635 1822 776 1864 δένδρεσι
791 1823 952 1855 παντοίοις
964 1826 1201 1863 πεπληρῶσθαι.
1239 1822 1318 1854 εἶναι
1332 1822 1365 1856 δὲ

167 1869 217 1899 καὶ
237 1870 336 1909 δρυῶν
351 1868 505 1909 μεγάλων
521 1869 654 1906 πλῆθος,
675 1871 841 1909 φερουσῶν
858 1868 979 1908 καρπὸν
994 1871 1038 1907 τῷ
1055 1867 1185 1908 μεγέθει
1209 1865 1365 1898 διαλλάτ-

641 1974 654 1994 ²
676 1983 746 2005 mss
763 1976 896 2016 σαρπηδ,

566 2102 580 2122 ¹
603 2099 626 2129 i.
641 2108 664 2129 e.
693 2097 754 2128 the
770 2096 884 2128 edible
901 2096 967 2128 oak
