1526 2458
630 155 777 191 LYRA
819 152 1041 191 GRAECA

803 261 880 297 210

278 333 459 374 [Longin]
477 331 680 365 sahl.15.7
727 330 775 369 [π
797 330 1009 370 φαντασιῶν]·
1039 329 1140 370 ἄκρως
1163 328 1196 360 δὲ
1220 328 1270 360 καὶ
1294 329 1310 358 ὁ
1333 331 1434 370 Σοφο

239 380 320 414 κλῆς
338 378 387 408 ἐπὶ
405 379 463 408 τοῦ
483 375 679 417 θνῄσκοντος
698 374 829 406 Οἰδίπου
847 375 897 405 κα).
916 374 1032 405 ἑαυτὸν
1049 374 1131 413 μετὰ
1149 372 1331 411 διοσημείας
1348 374 1435 405 τινὸς

236 422 413 453 θάπτοντος
435 420 674 460 πεφάντασται,
695 421 745 450 καὶ
763 419 845 450 κατὰ
861 419 919 450 τὸν
936 417 1103 449 ἀπόπλουν
1118 419 1183 448 τῶν
1199 415 1366 454 Ἐλληνων
1384 417 1434 448 ἐπὶ

236 479 294 496 του
313 464 509 506 Ἀχιλλέως,
531 464 788 504 προφαινομένου
809 465 877 494 τοῖς
902 460 1110 502 ἀναγομένοις
1135 458 1212 502 ὑπὲρ
1235 462 1293 491 τοῦ
1317 459 1432 500 τάφου,

236 510 275 547 ἢν
307 510 363 541 οὐκ
394 509 450 540 οἶδ
477 510 506 539 εἴ
535 521 584 539 τις
614 506 686 547 ὄψιν
715 507 951 548 ἐναργέστεροιν
982 505 1219 543 εἱδωλοποίησε
1249 504 1433 544 Σιμωνίδου·

236 552 341 585 πάντα
359 553 384 584 δ
403 551 572 592 ἀμηχανον
588 550 826 592 παρατίθεσθαι.

805 693 878 731 211

281 765 358 797 Seh.
375 766 418 796 Il.
430 766 459 796 ’.2.
475 766 535 798 871
563 762 709 803 [Νάστης
726 761 933 802 Ἀμφίμαχός
950 776 987 794 τε
1004 761 1159 802 Νομίονος
1175 763 1285 802 ἀγλαὰ
1301 761 1410 793 τέκνα·
1429 758 1435 802 1

236 810 271 840 ὃς
292 811 342 840 καὶ
366 810 491 848 χρυσὸν
513 808 599 847 ἔχων
622 806 796 841 πόλεμόνδ’
814 810 862 838 ἵεν
885 806 965 844 ἠΰτε
991 805 1112 847 κούρη]·
1142 807 1162 844 ἦ
1187 808 1286 843 διπλῆ
1311 806 1361 837 ὅτι
1387 806 1436 837 ἐπὶ

237 855 295 883 τοῦ
312 851 521 893 Ἀμφιμάχου
538 852 610 883 ἐστὶ
627 853 666 883 τὸ
687 854 693 866 ‘
705 852 741 882 ὃς
758 852 808 882 καὶ
827 852 952 892 χρυσὸν
968 850 1079 890 ἔχων,’
1097 853 1112 881 ὃ
1137 850 1170 881 δὲ
1197 852 1370 890 Σιμωνίδης
1388 850 1439 882 ἐπὶ

237 899 296 927 τοῦ
313 896 444 928 Νάστου
462 897 566 936 λέγει·
597 897 647 927 καὶ
672 895 722 926 ὅτι
744 896 778 926 οὐ
803 896 896 936 λέγει
920 895 1007 927 ὅπλα
1030 895 1129 926 αὐτὸν
1152 894 1242 935 ἔχειν
1266 896 1373 934 χρυσᾶ
1397 896 1437 926 ὡς

238 941 289 971 καὶ
307 941 408 972 πάλιν
425 943 440 972 ὃ
460 939 633 979 Σιμωνίδης
650 938 816 980 ἐξέλαβεν,
838 940 927 971 ἀλλὰ
944 939 994 971 καὶ
1013 937 1134 978 κόσμον
1150 940 1304 980 χρυσοῦν.

807 1127 882 1164 212

282 1197 359 1231 Sch.
382 1196 484 1228 Pind.
505 1198 553 1230 Ol.
577 1199 626 1228 123.
644 1198 682 1229 31
710 1197 759 1236 [ἐν
776 1195 809 1227 δὲ
832 1197 928 1228 Μοῖσ’
948 1195 1128 1237 &Ebu-vom}
1157 1196 1226 1227 ἀντὶ
1249 1196 1307 1227 τοῦ
1327 1207 1437 1234 μουσι-

239 1243 290 1272 κοί
310 1242 386 1272 εἶσι·
415 1241 560 1282 παρόσον
583 1242 633 1272 καὶ
659 1241 787 1278 ποιηταὶ
813 1240 1043 1280 διασημότατοι
1067 1242 1101 1272 ἐν
1126 1240 1262 1282 Κορίνθῳ
1287 1239 1439 1280 ἐγένοντο

239 1284 281 1316 ὧν
298 1283 337 1322 ἧν
354 1285 404 1316 καὶ
421 1284 554 1325 Ἀρίων1
572 1284 607 1317 οὗ
625 1285 783 1325 μέμνηται
803 1285 988 1325 Σιμωνίδης.

806 1428 882 1465 213

283 1496 556 1530 8011.]ἰ.9.557
583 1497 695 1539 [κούρη
719 1497 949 1537 Μαρπήσσης]·
974 1495 1061 1529 Ἴδας
1080 1498 1096 1527 ὁ
1114 1496 1276 1537 Ἀφαρέως
1292 1495 1350 1533 μὲν
1366 1498 1439 1527 παῖς

240 1543 310 1571 κατ’
329 1540 511 1578 ἐπίκλησιν,
532 1541 627 1580 γάιος
652 1542 685 1573 δὲ
712 1544 921 1580 Ποσειδῶνος,
941 1539 1187 1580 Λακεδαιμόνιος
1211 1540 1244 1572 δὲ
1267 1540 1307 1571 τὸ
1329 1538 1434 1579 γένος,

242 1584 437 1623 ἐπιθυμήσας
458 1584 573 1625 γάμου,
594 1587 805 1626 παραγίνεται
827 1585 872 1616 εἷς
889 1584 1062 1625 Ορτυγίαν
1084 1585 1146 1622 την
1169 1585 1203 1615 ἐν
1226 1583 1363 1616 Χαλκίδι
1387 1585 1438 1615 καὶ

240 1629 389 1659 ἐντευθεν
423 1627 553 1669 ἁρπάζει
588 1631 648 1667 τὴν
684 1628 804 1666 Εὐήνου
840 1628 1000 1669 θυγατέρα
1032 1627 1247 1670 Μάρπησσαν·
1287 1626 1373 1668 ἔχων
1404 1627 1438 1659 δὲ

239 1674 354 1704 ’ίππους
371 1676 571 1705 Ποσειδῶνος
594 1673 761 1713 ἠπείγετο.
808 1674 823 1703 ὁ
847 1672 880 1703 δὲ
903 1673 1023 1710 Εὐηνὸς
1047 1672 1091 1705 εἷς
1113 1671 1306 1712 ἐπιζήτησιν
1323 1673 1437 1712 ἐξῆλθε

240 1718 299 1753 τῆς
317 1716 486 1757 θυγατρός.
519 1718 620 1749 ἐλθὼν
637 1718 669 1748 δὲ
688 1718 770 1748 κατὰ
786 1718 844 1748 τὸν
859 1715 1026 1757 Λυκόρμαν
1043 1718 1189 1756 ποταμὸν
1204 1718 1263 1753 τῆς
1279 1714 1438 1748 Αἰτωλίας

242 1760 389 1791 {am->111³
375 1764 442 1792 εκεῖ
458 1763 606 1797 καθῆκεν·
634 1762 705 1792 ὅθεν
726 1763 741 1792 ὁ
763 1758 927 1799 Λυκόρμας
950 1761 1068 1798 Εὐηνὸς
1091 1759 1270 1800 ὠνομάσθη·
1295 1760 1378 1792 κατὰ
1402 1759 1437 1791 δὲ

239 1805 300 1841 τὴν
331 1804 468 1860 Ἀρήνην
499 1804 688 1841 ἀπαντησας
721 1807 736 1835 ὃ
766 1802 940 1835 Ἀπόλλων
970 1808 1016 1843 τῷ
1042 1804 1112 1846 Ἴδᾳ
1144 1803 1346 1844 λαμβάνεται
1377 1805 1438 1840 τῆς

242 1847 456 1888 Μαρπησσης·
487 1851 502 1880 ὁ
528 1849 561 1880 δὲ
586 1849 686 1880 ἔτεινε
710 1849 749 1880 τὸ
773 1848 866 1887 τόξον
888 1848 938 1879 καὶ
963 1849 1128 1890 διεφέρετο
1151 1849 1221 1889 περὶ
1245 1849 1303 1880 τοῦ
1319 1846 1435 1888 γάμου·

240 1896 285 1923 οις
303 1893 412 1933 κριτὴς
431 1895 446 1923 ὁ
467 1893 542 1925 Ζεὺς
566 1891 737 1933 γενόμενος
763 1893 885 1932 α’ίρεσιν
900 1894 958 1923 τοῦ
981 1892 1088 1932 γάμου
1112 1893 1161 1924 ἐπὶ
1185 1894 1224 1934 τῇ
1250 1891 1437 1933 Μαρπήσσῃ

239 1935 373 1966 τίθεται·
403 1937 422 1973 7'7
446 1936 478 1967 δὲ
502 1937 637 1969 δείσασα
659 1937 702 1975 μὴ
725 1937 824 1973 αὐτὴν
847 1935 896 1966 ἐπὶ
919 1936 1005 1977 γηρᾳ
1029 1936 1192 1978 καταλίπῃ
1218 1938 1234 1967 ὁ
1251 1935 1434 1975 Ἀπόλλων,

240 1981 374 2019 αἱρεῖται
391 1982 449 2011 τὸν
461 1979 560 2012 Ἴδαν·
586 1982 686 2013 οὕτως
705 1982 742 2018 δὴ
761 1980 934 2020 Σιμωνίδης
951 1981 1012 2018 τὴν
1025 1981 1170 2021 ἱστορίαν
1182 1980 1433 2022 περιείργασται.

665 2067 677 2088 ²
701 2068 793 2100 wil:
820 2079 889 2101 mss
905 2071 1012 2101 Αἴσων

238 2113 316 2158 408
