1526 2458
584 164 652 200 LY
663 165 731 201 ΗΑ
772 164 808 201 G
818 165 996 202 RAECA

766 270 814 307 97

231 346 329 380 Stob.
358 347 408 377 Fi.
439 348 489 377 98.
520 348 561 377 29
588 347 634 386 [π.
666 347 723 378 τοῦ
749 348 831 386 Βίου,
862 349 911 379 ὅτι
940 349 1066 389 βραχὺς
1094 349 1145 380 καὶ
1173 350 1309 388 εὐτελὴς
1335 350 1386 382 καὶ

188 391 365 432 φροντίδων
382 389 590 431 ἀνάμεστος]“
617 391 801 430 Σιμωνίδου

307 451 351 492 ἓν
373 450 417 493 δὲ
439 450 488 493 τὸ
510 451 760 493 κάλλιστον
782 453 886 497 Χῖος
908 452 1051 495 ἔειπεν
1075 452 1198 509 ἀνήρ·

251 509 260 523 ‘
276 509 363 561 Οἴη
385 527 467 564 περ
489 509 674 565 φύλλων
695 511 832 563 γενεή,
857 510 1001 562 τοιήδε
1022 511 1097 553 καὶ
1120 511 1310 566 ἀνδρῶν’

308 570 471 621 παῦροι
492 567 576 622 μὴν
599 568 766 620 θνητῶν
787 569 917 611 οὔασι
941 568 1165 623 δεξάμενοι

251 627 447 682 στέρνοις
502 626 801 680 ἐγκατέθεντο·
867 627 1059 681 πάρεστι
1119 627 1206 683 γὰρ
1259 627 1387 673 ἐλπὶς

369 684 543 739 ἑκάστῳ

217 754 237 783 5
310 741 515 798 ἀνδρῶν’
499 760 574 795 ητε
598 741 700 785 νέων
724 742 933 796 στήθεσιν
956 742 1181 799 ἐμφύεται,

253 801 423 853 θνητῶν
464 799 497 842 δ’
540 801 658 856 ὄφρα
703 819 768 846 τις
810 800 939 847 ἄνθος
981 801 1063 858 ἔχῃ
1105 801 1388 858 πολυήρατον

369 859 484 911 ἥβης

312 919 477 971 κοῦφον
498 916 612 973 ἔχων
635 917 771 971 θυμὸν
794 916 928 959 πόλλ’
952 917 1174 960 ἀτέλεστα
1197 921 1295 960 νοεῖ·

254 975 355 1018 οὔτε
375 974 459 1028 γὰρ
482 975 624 1017 ἐλπίδ’
648 976 739 1032 ἔχει
761 975 1010 1031 γηρασέμεν
1027 976 1126 1019 οὔτε
1143 976 1387 1025 θανεῖσθαι,

312 1033 401 1076 οὐδ’
424 1033 545 1087 ὑγιὴς
567 1034 674 1076 ὅταν
696 1034 721 1089 ᾗ
743 1033 939 1089 φροντίδ’
962 1034 1054 1091 ἔχει
1079 1035 1293 1087 καμάτου.

194 1102 235 1134 10
256 1091 416 1146 νήπιοι,
440 1091 503 1137 οἷς
527 1091 665 1147 ταύτῃ
688 1095 828 1134 κεῖται
852 1092 957 1140 νόος,
982 1092 1080 1135 οὐδὲ
1103 1093 1257 1135 ἴσασιν

313 1151 368 1195 ὡς
388 1149 544 1206 χρόνος
567 1150 659 1192 ἐσθ’
683 1151 796 1203 ἥβης
818 1151 894 1193 καὶ
915 1149 1075 1202 βιότοι’
1099 1150 1248 1205 ὀλίγος

254 1208 440 1261 θνητοῖς·
482 1208 604 1250 ἀλλὰ
639 1209 694 1250 σὺ
728 1212 869 1251 ταῦτα
905 1209 1057 1262 μαθὼν
1095 1208 1252 1262 βιότον
1287 1209 1391 1252 ποτὶ

365 1267 502 1323 τέρμα

309 1328 442 1383 ψυχῇ
466 1327 550 1367 τῶν
572 1325 748 1379 ἀγαθῶν
771 1325 903 1379 τλῆθι
925 1324 1224 1382 χαριζόμενος.

772 1539 823 1576 98

238 1616 333 1648 l’lut.
354 1618 446 1649 Cons.
467 1617 578 1658 Apoll.
600 1618 637 1651 17
683 1617 724 1648 τὰ
747 1617 810 1657 γὰρ
835 1617 927 1656 χίλια
944 1619 994 1649 καὶ
1012 1617 1053 1648 τὰ
1073 1616 1169 1659 μύρια
1189 1618 1270 1649 κατὰ
1294 1620 1393 1657 Σιμω-

196 1662 283 1699 νίδην
315 1661 373 1699 ἔτη
404 1661 527 1701 στιγμή
568 1674 616 1693 τις
656 1662 747 1693 ἐστὶν
785 1660 937 1702 ἀόριστος
975 1664 1104 1701 μᾶλλον
1143 1660 1177 1693 δὲ
1213 1660 1325 1702 μόριόν
1363 1675 1394 1693 τι

195 1704 407 1747 βραχύτατον
432 1707 584 1746 στιγμῆς.

196 1793 210 1813 e
236 1783 283 1823 φὶ
314 1784 446 1839 χιλια
467 1781 552 1837 γὰρ
575 1783 650 1825 καὶ
670 1781 784 1838 μόρι’
804 1780 878 1834 ἔτη
899 1800 1063 1837 στιγμη
1081 1780 1195 1824 ’στιν
1212 1782 1396 1827 ἄϊστος2

228 1827 232 1892 Ι
333 1845 509 1895 μᾶλλον
531 1840 574 1882 δὲ
596 1844 785 1895 στιγμῆς
806 1839 1073 1897 μικρότατον
1095 1839 1258 1896 μόριον.

241 1965 253 1985 ¹
276 1967 316 2005 E,
349 1967 458 1998 Camb.
491 1967 580 1997 Phil.
615 1967 680 1997 15'017.
714 1967 803 1997 Prae.
838 1967 920 1997 1922
1068 1965 1081 1984 2
1104 1976 1143 1997 or
1170 1966 1233 1997 ’στ’
1265 1966 1397 2004 ἀίδηλος

195 2010 385 2052 corrupted
401 2010 548 2042 because
566 2009 715 2041 misread
734 2011 781 2041 ἀεὶ
799 2012 922 2047 δῆλοςἹ

200 2124 275 2172 338
