1526 2458
610 474 994 521 ΤΕΛΕΣΙΛΛΗΣ

751 566 853 613 Βίος

259 655 371 693 Paus.
396 656 432 694 2.
455 656 519 695 20.
542 657 565 694 8
599 651 691 705 [π.’
692 651 909 705 Άργους]·
944 650 1054 706 ὑπὲρ
1079 650 1123 693 δὲ
1145 650 1194 693 τὸ
1216 651 1402 708 θέατρον

197 707 465 764 Αφροδίτης
497 708 619 751 ἐστὶν
650 707 777 762 ιερόν·
813 709 1064 764 ἔμπροσθεν
1097 709 1141 751 δὲ
1173 713 1250 752 τοῦ
1281 710 1402 757 ἕδους

197 766 454 809 Γελέσιλλα
484 787 507 820 η
539 766 771 820 ποιήσασα
807 766 861 808 τὰ
893 767 1076 837 ᾄσματα
1108 767 1400 822 ἐπείργασΐαι

198 824 359 878 στηλῃ·
415 827 490 868 καὶ
527 826 668 867 ἐκεῖνα
706 825 832 895 μὲν1
847 825 1053 881 ἔρριπταί
1084 825 1124 867 οἱ
1157 825 1266 881 πρὸς
1307 831 1398 873 τοῖς

198 883 344 929 ποσίν,
370 884 482 936 αὕτη
503 883 588 925 δὲ’
569 902 610 929 ες
634 883 790 937 κράνος
813 883 892 939 ὁρᾷ
913 883 1170 939 κατέχουσα
1200 887 1253 940 τῇ
1282 885 1399 942 χειρὶ

197 942 271 982 καὶ
293 941 572 984 ἐπιτίθεσθαι
606 960 658 997 τῃ
682 944 856 996 κεφαλῇ
878 940 1123 995 μέλλουσα.
1184 942 1235 994 ἠν
1257 942 1302 985 δὲ
1323 944 1398 986 καὶ

197 1011 220 1049 η
245 999 502 1042 Τελέσιλλα
531 999 605 1042 καὶ
635 1000 784 1044 άλλως
814 1000 856 1041 ἐν
886 1003 981 1045 ταῖς
1009 1000 1206 1054 γυναιξὶν
1234 1000 1396 1044 εὐδόκι-

195 1075 288 1111 μος,
312 1058 386 1100 καὶ
410 1063 586 1112 μᾶλλον
608 1058 787 1111 ἐτιμᾶτο
810 1058 872 1100 ἔτι
897 1057 1000 1111 <ἢ>
1022 1057 1096 1100 ἐπὶ
1123 1062 1175 1112 τῇ
1207 1058 1396 1112 ποιήσει.

197 1117 453 1169 συμβάντος
476 1116 518 1158 δὲ
539 1115 753 1171 Ἀργείοις
776 1117 1003 1173 ἀτυχῆσαι
1029 1116 1167 1170 λόγου
1194 1116 1396 1170 μειζόνως

197 1174 304 1229 πρὸς
331 1173 583 1227 Κλεομένην
614 1175 689 1215 τὸν
711 1173 1055 1229 Ἀναξανδριδου
1083 1175 1157 1217 καὶ
1180 1175 1394 1218 Λακεδαι-

194 1232 380 1284 μονίους,
417 1232 492 1274 καὶ
528 1235 614 1274 τῶν
649 1232 725 1285 μὲν
767 1233 810 1273 ἐν
852 1233 965 1303 αὐτῇ
1008 1231 1307 1275 πεπτωκότων
1342 1238 1395 1290 τῇ

195 1291 333 1347 μάχῃ,
356 1290 454 1332 ὅσοι
478 1289 562 1332 δὲ
544 1301 583 1335 ες
602 1289 650 1332 τὸ
670 1290 809 1335 ἄλσος
827 1294 902 1332 τοῦ
920 1288 1087 1346 Αργου
1108 1290 1393 1346 κατέφευγον,

194 1348 527 1404 διαφθαρέντων
557 1349 631 1391 καὶ
664 1348 840 1395 τούτων,
874 1348 929 1390 τὰ
958 1349 1036 1402 μὲν
1072 1351 1228 1404 πρῶτα
1261 1349 1393 1404 ἐξιόν-

196 1425 281 1448 των
303 1405 417 1448 κατὰ
445 1405 699 1461 ὁμολογίαν,
725 1408 779 1452 ὡς
812 1406 856 1448 δὲ
889 1407 1086 1460 ἔγνωσαν
1114 1407 1395 1461 ἀπατώμενοι

195 1464 657 1518 συγκατακαυθέντων
686 1468 744 1521 τῷ
774 1464 905 1506 ἄλσει
936 1468 1022 1507 τῶν
1049 1468 1232 1513 λοιπῶν,
1256 1483 1395 1511 ουτως

194 1541 293 1568 τους
322 1523 696 1577 Λακεδαιμονίους
725 1523 828 1577 ἦγεν
857 1523 928 1565 ἐπὶ
959 1523 1117 1578 ἔρημον
1146 1523 1314 1579 ἀνδρῶν
1345 1524 1395 1567 τὸ

188 1582 364 1636 ”Λργος.
425 1581 679 1623 Τελέσιλλα
710 1580 754 1623 δὲ
786 1579 955 1627 οἰκετὰς
982 1581 1059 1635 μὲν
1089 1581 1162 1623 καὶ
1194 1583 1293 1624 ὅσοι
1324 1581 1395 1624 διὰ

194 1639 378 1691 νεότητα
421 1658 446 1691 7]
487 1657 626 1695 γηρας
668 1639 790 1680 ὅπλα
831 1638 1027 1681 ἀδύνατα
1070 1638 1215 1694 φέρειν
1261 1658 1390 1692 ησαν,

194 1697 375 1743 τούτους
401 1697 478 1751 μὲν
511 1697 684 1741 πάντας
716 1696 991 1748 (ινεβίβασεν
1029 1697 1101 1739 ἐπὶ
1143 1696 1191 1739 τὸ
1234 1701 1393 1772 τεῖχος·

193 1755 302 1808 αὐτη
328 1755 415 1797 δὲ’]
392 1773 542 1797 οποσα
566 1756 610 1797 ἐν
631 1759 726 1800 ταῖς
754 1754 909 1801 οἰκίαις
942 1754 1206 1798 ὑπελείπετο
1234 1756 1308 1798 καὶ
1336 1756 1390 1798 τὰ

192 1814 239 1855 ἐκ
275 1831 359 1855 των
393 1813 517 1867 ιερῶν
549 1813 672 1856 ὅπλα
707 1812 961 1869 (ιθροίσασα
999 1813 1076 1858 τὰς
1108 1813 1392 1866 ἀκμαζούσας

193 1871 345 1943 7ἷλικίᾳ
397 1874 481 1914 τῶν
529 1874 750 1944 ryvn1atfcffiv
798 1870 1002 1924 ὥπλιζεν·
1065 1869 1301 1913 ὁπλίσασα
1347 1871 1390 1914 δὲ

192 1929 358 1971 ἔτασσε
381 1930 495 1971 κατὰ
519 1933 646 1972 τοῦτο
674 1929 698 1985 ᾗ
727 1947 827 1974 τους
854 1928 1095 1984 πολεμίους
1123 1929 1391 1984 προσιόντας

192 2005 430 2040 ηπιστατο.
494 1989 548 2033 ὡς
572 1987 656 2030 δὲ’
636 1987 859 2041 εγίγνοντο
882 1987 921 2029 οἱ
945 1986 1295 2042 Λακεδαιμόνιοι,
1319 1989 1392 2031 καὶ

192 2063 236 2087 αι
270 2049 472 2099 γυναῖκες
507 2045 606 2088 οὔτε
642 2049 701 2087 τῶ
739 2047 989 2102 ἀλαλαγμῷ
1025 2045 1390 2100 κατεπλάγησαν,

485 2128 495 2146 ¹
522 2127 602 2170 Ka)
606 2138 679 2161 sor:
707 2139 775 2160 mss
791 2128 908 2164 βιβλία
923 2141 982 2167 μεν
998 2130 1104 2162 ἐκεῖνα

194 2175 269 2222 236
